trade_id,price,qty,timestamp,is_buyer_maker
179200000,26.514,0.4,1769901943540,1
179200001,26.513,0.4,1769901943553,1
179200002,26.512,0.7,1769901943553,1
179200003,26.511,0.4,1769901943553,1
179200004,26.51,0.4,1769901943553,1
179200005,26.509,4.7,1769901943564,1
179200006,26.508,0.4,1769901943573,1
179200007,26.508,3.6,1769901943718,0
179200008,26.509,0.4,1769901943722,0
179200009,26.51,0.4,1769901943724,0
179200010,26.511,0.4,1769901943773,0
179200011,26.512,0.4,1769901943773,0
179200012,26.513,0.7,1769901943773,0
179200013,26.513,0.2,1769901944111,0
179200014,26.514,7.5,1769901944281,0
179200015,26.514,33.1,1769901944505,0
179200016,26.515,1.2,1769901944508,0
179200017,26.516,18.2,1769901944508,0
179200018,26.517,1.9,1769901944842,0
179200019,26.516,10.8,1769901944952,1
179200020,26.515,0.4,1769901944952,1
179200021,26.514,0.4,1769901945008,1
179200022,26.512,1.1,1769901945008,1
179200023,26.512,20.1,1769901945049,0
179200024,26.511,0.4,1769901945078,1
179200025,26.51,0.4,1769901945078,1
179200026,26.509,1.1,1769901945078,1
179200027,26.508,0.9,1769901945082,1
179200028,26.507,0.4,1769901945082,1
179200029,26.506,1.3,1769901945082,1
179200030,26.506,2.4,1769901945101,0
179200031,26.507,0.4,1769901945157,0
179200032,26.508,0.4,1769901945159,0
179200033,26.51,0.4,1769901945159,0
179200034,26.511,0.4,1769901945159,0
179200035,26.512,6.3,1769901945159,0
179200036,26.507,3.5,1769901945644,1
179200037,26.506,4.4,1769901945644,1
179200038,26.505,4.4,1769901945644,1
179200039,26.504,0.8,1769901945644,1
179200040,26.503,1.9,1769901945644,1
179200041,26.504,14.0,1769901945707,0
179200042,26.505,4.4,1769901945707,0
179200043,26.506,4.0,1769901945707,0
179200044,26.507,0.7,1769901945710,0
179200045,26.509,0.1,1769901945753,0
179200046,26.51,0.7,1769901945784,0
179200047,26.51,5.6,1769901946189,1
179200048,26.509,0.4,1769901946198,1
179200049,26.508,0.4,1769901946198,1
179200050,26.507,0.8,1769901946440,1
179200051,26.508,0.9,1769901946539,0
179200052,26.509,0.4,1769901946539,0
179200053,26.51,0.4,1769901946540,0
179200054,26.511,19.6,1769901946540,0
179200055,26.512,0.4,1769901946543,0
179200056,26.512,0.1,1769901946581,1
179200057,26.513,0.4,1769901946607,0
179200058,26.514,0.4,1769901946608,0
179200059,26.515,2.9,1769901946608,0
179200060,26.516,2.2,1769901946609,0
179200061,26.517,0.4,1769901946609,0
179200062,26.518,0.4,1769901946609,0
179200063,26.519,0.4,1769901946612,0
179200064,26.52,48.0,1769901946612,0
179200065,26.521,0.4,1769901946614,0
179200066,26.522,1.1,1769901946614,0
179200067,26.523,0.4,1769901946614,0
179200068,26.524,0.6,1769901946614,0
179200069,26.525,0.4,1769901946617,0
179200070,26.526,5.5,1769901946617,0
179200071,26.527,0.4,1769901946635,0
179200072,26.528,1.4,1769901946635,0
179200073,26.529,0.7,1769901946635,0
179200074,26.53,3.5,1769901946638,0
179200075,26.53,2.4,1769901946677,1
179200076,26.525,0.4,1769901946679,1
179200077,26.524,1.1,1769901946679,1
179200078,26.523,0.4,1769901946689,1
179200079,26.522,2.0,1769901946689,1
179200080,26.522,12.1,1769901946709,0
179200081,26.523,0.4,1769901946712,0
179200082,26.524,0.4,1769901946713,0
179200083,26.526,0.4,1769901946745,1
179200084,26.525,0.4,1769901946747,1
179200085,26.522,1.2,1769901946753,1
179200086,26.521,1.1,1769901946757,1
179200087,26.52,4.4,1769901946757,1
179200088,26.519,0.4,1769901946757,1
179200089,26.518,1.1,1769901946757,1
179200090,26.517,2.8,1769901946757,1
179200091,26.516,0.6,1769901947057,1
179200092,26.515,0.4,1769901947084,1
179200093,26.516,0.2,1769901947092,0
179200094,26.516,3.7,1769901947327,0
179200095,26.515,0.7,1769901947428,1
179200096,26.514,5.3,1769901947496,1
179200097,26.513,0.7,1769901947503,1
179200098,26.512,1.1,1769901947505,1
179200099,26.51,0.4,1769901947686,1
179200100,26.51,2.4,1769901947825,0
179200101,26.511,0.4,1769901947825,0
179200102,26.512,7.7,1769901947825,0
179200103,26.513,1.1,1769901947825,0
179200104,26.514,25.2,1769901947825,0
179200105,26.515,11.2,1769901947825,0
179200106,26.516,15.9,1769901947825,0
179200107,26.517,42.7,1769901947825,0
179200108,26.518,2.8,1769901947873,0
179200109,26.519,1.1,1769901947873,0
179200110,26.52,0.4,1769901947873,0
179200111,26.521,0.4,1769901948041,0
179200112,26.522,2.0,1769901948041,0
179200113,26.521,2.6,1769901948288,1
179200114,26.52,0.3,1769901948488,1
179200115,26.521,0.2,1769901948704,0
179200116,26.522,0.4,1769901948806,0
179200117,26.523,0.4,1769901948810,0
179200118,26.524,0.4,1769901948813,0
179200119,26.525,10.6,1769901948813,0
179200120,26.526,0.4,1769901948854,0
179200121,26.527,0.4,1769901948854,0
179200122,26.528,1.4,1769901948854,0
179200123,26.529,0.4,1769901948854,0
179200124,26.53,3.3,1769901948998,0
179200125,26.531,0.4,1769901949000,0
179200126,26.531,6.5,1769901949002,1
179200127,26.53,19.6,1769901949002,1
179200128,26.529,7.7,1769901949002,1
179200129,26.528,4.3,1769901949002,1
179200130,26.527,0.4,1769901949002,1
179200131,26.526,0.4,1769901949002,1
179200132,26.525,12.9,1769901949002,1
179200133,26.524,6.2,1769901949002,1
179200134,26.523,7.8,1769901949002,1
179200135,26.522,12.4,1769901949002,1
179200136,26.521,8.0,1769901949002,1
179200137,26.52,5.3,1769901949002,1
179200138,26.519,2.2,1769901949002,1
179200139,26.518,6.1,1769901949002,1
179200140,26.517,2.2,1769901949002,1
179200141,26.516,7.2,1769901949002,1
179200142,26.515,18.1,1769901949002,1
179200143,26.514,0.4,1769901949002,1
179200144,26.513,7.2,1769901949002,1
179200145,26.512,12.0,1769901949003,1
179200146,26.523,0.8,1769901949006,1
179200147,26.522,0.2,1769901949006,1
179200148,26.516,8.2,1769901949014,0
179200149,26.517,8.4,1769901949015,0
179200150,26.519,1.8,1769901949018,0
179200151,26.518,0.2,1769901949113,0
179200152,26.518,1.4,1769901949282,1
179200153,26.518,28.7,1769901949525,1
179200154,26.519,0.2,1769901950099,0
179200155,26.518,22.1,1769901950280,1
179200156,26.517,0.5,1769901950280,1
179200157,26.517,3.6,1769901950294,0
179200158,26.517,1.8,1769901950507,1
179200159,26.517,9.5,1769901951049,1
179200160,26.516,0.4,1769901951049,1
179200161,26.515,5.1,1769901951049,1
179200162,26.517,0.6,1769901951052,0
179200163,26.517,2.7,1769901951099,1
179200164,26.518,0.2,1769901951111,0
179200165,26.517,5.0,1769901951152,1
179200166,26.517,11.7,1769901951719,1
179200167,26.518,0.2,1769901951726,0
179200168,26.518,0.2,1769901952099,0
179200169,26.517,9.5,1769901952190,1
179200170,26.516,0.4,1769901952190,1
179200171,26.515,4.4,1769901952190,1
179200172,26.514,4.4,1769901952190,1
179200173,26.513,4.4,1769901952190,1
179200174,26.512,5.1,1769901952190,1
179200175,26.511,2.4,1769901952190,1
179200176,26.51,1.4,1769901952190,1
179200177,26.511,3.2,1769901952213,0
179200178,26.512,0.4,1769901952306,0
179200179,26.513,4.0,1769901952306,0
179200180,26.514,0.4,1769901952332,0
179200181,26.515,4.0,1769901952344,0
179200182,26.516,4.0,1769901952384,0
179200183,26.517,4.4,1769901952393,0
179200184,26.516,0.4,1769901953053,1
179200185,26.515,0.4,1769901953055,1
179200186,26.514,0.2,1769901953096,0
179200187,26.513,0.4,1769901953114,1
179200188,26.512,1.1,1769901953118,1
179200189,26.512,0.4,1769901953543,0
179200190,26.513,4.0,1769901953543,0
179200191,26.514,0.4,1769901953595,0
179200192,26.514,0.7,1769901953932,0
179200193,26.513,0.4,1769901954086,1
179200194,26.512,0.4,1769901954087,1
179200195,26.512,0.2,1769901954088,0
179200196,26.511,0.4,1769901954203,1
179200197,26.51,0.7,1769901954204,1
179200198,26.509,0.7,1769901954208,1
179200199,26.508,0.7,1769901954210,1
179200200,26.507,0.4,1769901954210,1
179200201,26.506,1.1,1769901954215,1
179200202,26.506,5.0,1769901954243,0
179200203,26.507,4.4,1769901954243,0
179200204,26.508,4.4,1769901954247,0
179200205,26.506,3.5,1769901954290,0
179200206,26.507,0.4,1769901954294,0
179200207,26.508,3.9,1769901954294,0
179200208,26.509,3.5,1769901954294,0
179200209,26.51,1.5,1769901954296,0
179200210,26.511,0.4,1769901954296,0
179200211,26.51,5.8,1769901954343,0
179200212,26.511,12.0,1769901954768,0
179200213,26.512,5.5,1769901954768,0
179200214,26.513,0.8,1769901954768,0
179200215,26.51,4.3,1769901955095,0
179200216,26.509,0.4,1769901955187,1
179200217,26.51,3.8,1769901955254,0
179200218,26.51,3.6,1769901955368,0
179200219,26.51,0.5,1769901955716,0
179200220,26.51,49.0,1769901956225,0
179200221,26.511,0.4,1769901956304,0
179200222,26.512,0.4,1769901956304,0
179200223,26.513,0.4,1769901956304,0
179200224,26.514,11.5,1769901956304,0
179200225,26.515,0.4,1769901956304,0
179200226,26.516,1.1,1769901956305,0
179200227,26.517,8.8,1769901956313,0
179200228,26.518,4.7,1769901956331,0
179200229,26.519,17.5,1769901956334,0
179200230,26.519,3.7,1769901956337,1
179200231,26.518,21.6,1769901956337,1
179200232,26.517,31.7,1769901956337,1
179200233,26.516,4.3,1769901956337,1
179200234,26.519,1.3,1769901956339,1
179200235,26.517,7.8,1769901956339,1
179200236,26.517,2.2,1769901956343,0
179200237,26.516,4.1,1769901956357,0
179200238,26.517,1.3,1769901956359,0
179200239,26.516,3.5,1769901956361,0
179200240,26.517,1.3,1769901956361,0
179200241,26.516,6.3,1769901956364,0
179200242,26.517,2.1,1769901956365,0
179200243,26.518,1.6,1769901956367,0
179200244,26.519,13.9,1769901956377,0
179200245,26.52,4.7,1769901956379,0
179200246,26.521,2.9,1769901956460,0
179200247,26.522,0.4,1769901956460,0
179200248,26.523,0.4,1769901956461,0
179200249,26.524,0.7,1769901956462,0
179200250,26.525,1.1,1769901956464,0
179200251,26.526,1.4,1769901956464,0
179200252,26.527,5.6,1769901956464,0
179200253,26.528,1.4,1769901956464,0
179200254,26.528,1.9,1769901956466,1
179200255,26.529,0.4,1769901956533,0
179200256,26.53,0.4,1769901956538,0
179200257,26.531,1.1,1769901956538,0
179200258,26.532,0.7,1769901956541,0
179200259,26.533,0.4,1769901956542,0
179200260,26.534,5.3,1769901956544,0
179200261,26.535,0.6,1769901956544,0
179200262,26.536,27.9,1769901956544,0
179200263,26.537,48.9,1769901956546,0
179200264,26.538,1.2,1769901956548,0
179200265,26.539,0.4,1769901956550,0
179200266,26.54,2.6,1769901956570,0
179200267,26.541,5.3,1769901956593,0
179200268,26.541,3.9,1769901956934,1
179200269,26.54,5.4,1769901956934,1
179200270,26.539,0.4,1769901956935,1
179200271,26.538,0.4,1769901956959,1
179200272,26.537,0.4,1769901956960,1
179200273,26.536,0.4,1769901956969,1
179200274,26.535,0.4,1769901956969,1
179200275,26.534,0.4,1769901956969,1
179200276,26.532,0.4,1769901957017,1
179200277,26.531,0.4,1769901957019,1
179200278,26.53,1.1,1769901957021,1
179200279,26.529,0.4,1769901957045,1
179200280,26.528,2.5,1769901957049,1
179200281,26.527,1.1,1769901957053,1
179200282,26.526,0.4,1769901957063,1
179200283,26.525,0.4,1769901957064,1
179200284,26.524,0.4,1769901957064,1
179200285,26.523,0.4,1769901957064,1
179200286,26.522,0.4,1769901957065,1
179200287,26.521,1.8,1769901957065,1
179200288,26.52,0.6,1769901957065,1
179200289,26.519,0.4,1769901957065,1
179200290,26.518,1.1,1769901957065,1
179200291,26.517,0.4,1769901957065,1
179200292,26.519,0.4,1769901957072,1
179200293,26.517,0.3,1769901957117,0
179200294,26.517,7.6,1769901957428,0
179200295,26.516,0.4,1769901957558,1
179200296,26.515,0.4,1769901957562,1
179200297,26.514,0.4,1769901957563,1
179200298,26.513,0.4,1769901957587,1
179200299,26.512,7.0,1769901957588,1
179200300,26.511,0.4,1769901957594,1
179200301,26.51,0.4,1769901957660,1
179200302,26.509,1.9,1769901957660,1
179200303,26.51,0.4,1769901957919,0
179200304,26.511,0.4,1769901957921,0
179200305,26.512,0.4,1769901957921,0
179200306,26.513,0.4,1769901957924,0
179200307,26.514,0.4,1769901957924,0
179200308,26.515,0.4,1769901957925,0
179200309,26.516,0.4,1769901957950,0
179200310,26.517,8.0,1769901957950,0
179200311,26.518,73.4,1769901957950,0
179200312,26.519,15.7,1769901957950,0
179200313,26.52,0.4,1769901957950,0
179200314,26.521,0.4,1769901957950,0
179200315,26.522,3.5,1769901957950,0
179200316,26.523,23.4,1769901957950,0
179200317,26.524,5.3,1769901957950,0
179200318,26.525,1.1,1769901957950,0
179200319,26.526,5.2,1769901957950,0
179200320,26.527,7.2,1769901957950,0
179200321,26.528,11.3,1769901957950,0
179200322,26.529,19.8,1769901957950,0
179200323,26.53,19.2,1769901957950,0
179200324,26.531,8.4,1769901957950,0
179200325,26.532,10.0,1769901957950,0
179200326,26.533,12.1,1769901957950,0
179200327,26.534,38.4,1769901957950,0
179200328,26.531,9.6,1769901957952,0
179200329,26.532,0.4,1769901958038,0
179200330,26.533,0.4,1769901958038,0
179200331,26.534,1.1,1769901958038,0
179200332,26.535,0.4,1769901958038,0
179200333,26.536,0.7,1769901958038,0
179200334,26.537,50.0,1769901958038,0
179200335,26.538,0.7,1769901958038,0
179200336,26.538,12.4,1769901958506,1
179200337,26.537,0.4,1769901958506,1
179200338,26.536,0.4,1769901958507,1
179200339,26.535,0.4,1769901958509,1
179200340,26.534,0.4,1769901958516,1
179200341,26.533,1.1,1769901958569,1
179200342,26.532,0.4,1769901958596,1
179200343,26.531,0.4,1769901958596,1
179200344,26.53,1.1,1769901958596,1
179200345,26.529,0.4,1769901958597,1
179200346,26.528,18.8,1769901958597,1
179200347,26.527,1.1,1769901958597,1
179200348,26.526,5.3,1769901958597,1
179200349,26.526,3.7,1769901958773,0
179200350,26.527,0.4,1769901958779,0
179200351,26.528,0.4,1769901958783,0
179200352,26.529,0.4,1769901958789,0
179200353,26.53,0.4,1769901958797,0
179200354,26.531,0.4,1769901958801,0
179200355,26.532,0.3,1769901958810,0
179200356,26.531,1.9,1769901958836,1
179200357,26.531,1.9,1769901959057,1
179200358,26.532,0.2,1769901959101,0
179200359,26.53,0.4,1769901959222,1
179200360,26.529,0.4,1769901959225,1
179200361,26.528,0.6,1769901959326,1
179200362,26.527,1.1,1769901959466,1
179200363,26.526,0.4,1769901959466,1
179200364,26.525,0.4,1769901959466,1
179200365,26.524,1.1,1769901959466,1
179200366,26.523,1.2,1769901959466,1
179200367,26.522,0.4,1769901959466,1
179200368,26.521,0.4,1769901959466,1
179200369,26.523,1.0,1769901959473,0
179200370,26.527,11.3,1769901959677,1
179200371,26.526,7.9,1769901959677,1
179200372,26.525,0.4,1769901959738,1
179200373,26.524,0.4,1769901959738,1
179200374,26.523,0.4,1769901959755,1
179200375,26.522,1.2,1769901959755,1
179200376,26.521,0.3,1769901959815,1
179200377,26.52,0.6,1769901959816,1
179200378,26.519,0.4,1769901959817,1
179200379,26.518,1.1,1769901959817,1
179200380,26.517,0.4,1769901959858,1
179200381,26.516,0.4,1769901959862,1
179200382,26.515,1.0,1769901959864,1
179200383,26.514,0.4,1769901959925,1
179200384,26.513,0.2,1769901959925,1
179200385,26.514,3.7,1769901959966,0
179200386,26.515,2.0,1769901959968,0
179200387,26.516,0.4,1769901959973,0
179200388,26.517,0.4,1769901959975,0
179200389,26.518,0.4,1769901959977,0
179200390,26.519,0.4,1769901960015,0
179200391,26.52,0.4,1769901960015,0
179200392,26.522,0.4,1769901960024,0
179200393,26.523,0.4,1769901960024,0
179200394,26.524,0.4,1769901960024,0
179200395,26.525,6.2,1769901960024,0
179200396,26.526,0.4,1769901960030,0
179200397,26.527,0.4,1769901960030,0
179200398,26.528,1.1,1769901960030,0
179200399,26.529,25.8,1769901960030,0
179200400,26.53,0.4,1769901960030,0
179200401,26.53,0.3,1769901960041,1
179200402,26.531,0.4,1769901960045,0
179200403,26.532,58.2,1769901960054,0
179200404,26.533,0.4,1769901960134,0
179200405,26.534,1.8,1769901960134,0
179200406,26.534,0.4,1769901960351,1
179200407,26.533,0.4,1769901960352,1
179200408,26.531,0.4,1769901960352,1
179200409,26.53,0.4,1769901960352,1
179200410,26.529,0.4,1769901960352,1
179200411,26.528,1.5,1769901960352,1
179200412,26.527,12.4,1769901960352,1
179200413,26.526,5.4,1769901960352,1
179200414,26.525,0.4,1769901960403,1
179200415,26.524,6.0,1769901960403,1
179200416,26.523,0.4,1769901960403,1
179200417,26.522,1.2,1769901960403,1
179200418,26.521,1.8,1769901960403,1
179200419,26.52,0.9,1769901960403,1
179200420,26.519,7.7,1769901960403,1
179200421,26.518,2.0,1769901960403,1
179200422,26.52,3.3,1769901960410,1
179200423,26.519,7.1,1769901960410,1
179200424,26.518,9.4,1769901960410,1
179200425,26.517,0.4,1769901960410,1
179200426,26.516,0.3,1769901960410,1
179200427,26.517,2.4,1769901960431,0
179200428,26.516,0.4,1769901960461,1
179200429,26.515,1.1,1769901960461,1
179200430,26.514,4.8,1769901960461,1
179200431,26.514,13.9,1769901960477,0
179200432,26.516,2.6,1769901960486,1
179200433,26.515,4.0,1769901960486,1
179200434,26.514,12.5,1769901960486,1
179200435,26.513,0.2,1769901960547,1
179200436,26.512,1.4,1769901960547,1
179200437,26.511,0.8,1769901960547,1
179200438,26.51,0.4,1769901960547,1
179200439,26.509,1.1,1769901960547,1
179200440,26.508,1.4,1769901960547,1
179200441,26.507,0.4,1769901960547,1
179200442,26.506,19.5,1769901960547,1
179200443,26.505,3.8,1769901960547,1
179200444,26.506,0.9,1769901960551,0
179200445,26.509,3.8,1769901960557,0
179200446,26.51,0.3,1769901960629,0
179200447,26.508,0.4,1769901960733,1
179200448,26.507,0.4,1769901960733,1
179200449,26.506,1.1,1769901960759,1
179200450,26.505,7.9,1769901960759,1
179200451,26.504,0.7,1769901960791,1
179200452,26.503,1.3,1769901960791,1
179200453,26.502,0.8,1769901960806,1
179200454,26.501,0.6,1769901960806,1
179200455,26.5,5.9,1769901960806,1
179200456,26.499,0.4,1769901960806,1
179200457,26.498,4.1,1769901960806,1
179200458,26.497,5.6,1769901960806,1
179200459,26.497,2.4,1769901960810,0
179200460,26.498,2.6,1769901960810,0
179200461,26.499,7.3,1769901960822,0
179200462,26.5,0.4,1769901960943,1
179200463,26.499,0.4,1769901960958,1
179200464,26.498,0.4,1769901960965,1
179200465,26.498,18.1,1769901960979,0
179200466,26.5,0.4,1769901960993,0
179200467,26.501,0.4,1769901960998,0
179200468,26.502,0.4,1769901961001,0
179200469,26.501,0.4,1769901961126,1
179200470,26.5,0.4,1769901961294,1
179200471,26.499,0.4,1769901961342,1
179200472,26.498,0.4,1769901961345,1
179200473,26.497,1.1,1769901961345,1
179200474,26.496,2.8,1769901961350,1
179200475,26.495,1.1,1769901961350,1
179200476,26.494,1.1,1769901961433,1
179200477,26.493,0.2,1769901961433,1
179200478,26.493,2.2,1769901961813,1
179200479,26.494,10.0,1769901961845,0
179200480,26.495,1.2,1769901961870,0
179200481,26.496,0.4,1769901961871,0
179200482,26.497,0.4,1769901961871,0
179200483,26.498,1.1,1769901961873,0
179200484,26.499,0.4,1769901961877,0
179200485,26.5,0.6,1769901961880,0
179200486,26.501,0.4,1769901961883,0
179200487,26.502,0.7,1769901962061,0
179200488,26.503,0.4,1769901962070,0
179200489,26.504,0.4,1769901962072,0
179200490,26.505,0.4,1769901962075,0
179200491,26.506,0.6,1769901962079,0
179200492,26.507,3.7,1769901962121,0
179200493,26.508,0.6,1769901962121,0
179200494,26.509,0.4,1769901962121,0
179200495,26.51,0.1,1769901962121,0
179200496,26.508,2.7,1769901962123,1
179200497,26.509,2.2,1769901962126,1
179200498,26.507,2.9,1769901962147,0
179200499,26.506,9.0,1769901962156,1
179200500,26.505,0.4,1769901962156,1
179200501,26.504,0.4,1769901962156,1
179200502,26.503,4.0,1769901962156,1
179200503,26.502,4.0,1769901962156,1
179200504,26.501,21.2,1769901962156,1
179200505,26.5,6.2,1769901962156,1
179200506,26.499,4.4,1769901962156,1
179200507,26.498,0.6,1769901962156,1
179200508,26.497,3.4,1769901962156,1
179200509,26.496,5.5,1769901962156,1
179200510,26.495,0.6,1769901962156,1
179200511,26.494,21.1,1769901962156,1
179200512,26.493,0.4,1769901962156,1
179200513,26.493,145.2,1769901962159,0
179200514,26.494,4.5,1769901962162,0
179200515,26.495,4.9,1769901962164,0
179200516,26.498,13.3,1769901962174,0
179200517,26.499,1.0,1769901962200,1
179200518,26.497,2.1,1769901962200,1
179200519,26.498,10.4,1769901962214,0
179200520,26.499,3.5,1769901962218,0
179200521,26.5,3.5,1769901962220,0
179200522,26.501,0.7,1769901962220,0
179200523,26.502,0.4,1769901962224,0
179200524,26.503,0.4,1769901962224,0
179200525,26.501,1.3,1769901962724,1
179200526,26.502,0.3,1769901963092,0
179200527,26.501,111.1,1769901963095,1
179200528,26.5,0.4,1769901963098,1
179200529,26.499,0.4,1769901963098,1
179200530,26.498,0.4,1769901963098,1
179200531,26.497,1.1,1769901963098,1
179200532,26.496,0.4,1769901963100,1
179200533,26.495,2.7,1769901963100,1
179200534,26.494,1.6,1769901963100,1
179200535,26.493,0.6,1769901963101,1
179200536,26.492,16.6,1769901963101,1
179200537,26.492,1.2,1769901963117,0
179200538,26.498,5.6,1769901963124,0
179200539,26.5,8.6,1769901963144,1
179200540,26.499,11.7,1769901963144,1
179200541,26.498,0.4,1769901963144,1
179200542,26.496,1.1,1769901963144,1
179200543,26.495,5.7,1769901963198,0
179200544,26.495,4.0,1769901963324,0
179200545,26.496,0.4,1769901963326,0
179200546,26.496,15.3,1769901963352,1
179200547,26.495,13.7,1769901963352,1
179200548,26.494,1.1,1769901963352,1
179200549,26.493,4.4,1769901963352,1
179200550,26.492,5.5,1769901963352,1
179200551,26.491,4.2,1769901963352,1
179200552,26.49,5.3,1769901963352,1
179200553,26.489,0.4,1769901963352,1
179200554,26.488,5.3,1769901963352,1
179200555,26.487,16.1,1769901963352,1
179200556,26.486,8.4,1769901963352,1
179200557,26.495,0.7,1769901963373,0
179200558,26.496,4.4,1769901963404,1
179200559,26.497,0.4,1769901963561,0
179200560,26.497,5.8,1769901963777,0
179200561,26.498,0.4,1769901963777,0
179200562,26.499,5.3,1769901963777,0
179200563,26.5,0.4,1769901963777,0
179200564,26.501,4.4,1769901963777,0
179200565,26.502,7.7,1769901963783,0
179200566,26.503,0.4,1769901963783,0
179200567,26.504,0.4,1769901963783,0
179200568,26.505,0.4,1769901963783,0
179200569,26.505,10.4,1769901964038,0
179200570,26.506,4.1,1769901964041,0
179200571,26.507,0.4,1769901964053,0
179200572,26.508,0.4,1769901964053,0
179200573,26.509,0.4,1769901964053,0
179200574,26.509,1.0,1769901964166,1
179200575,26.51,0.4,1769901964200,0
179200576,26.509,0.9,1769901964213,1
179200577,26.508,0.4,1769901964214,1
179200578,26.507,0.4,1769901964249,1
179200579,26.506,14.4,1769901964249,1
179200580,26.505,0.4,1769901964347,1
179200581,26.504,36.2,1769901964348,1
179200582,26.503,1.8,1769901964348,1
179200583,26.502,0.6,1769901964348,1
179200584,26.503,0.4,1769901964399,0
179200585,26.504,0.4,1769901964444,0
179200586,26.505,0.4,1769901964444,0
179200587,26.506,0.4,1769901964444,0
179200588,26.507,0.4,1769901964464,0
179200589,26.508,0.4,1769901964464,0
179200590,26.509,0.4,1769901964761,0
179200591,26.51,4.4,1769901964761,0
179200592,26.511,4.6,1769901964761,0
179200593,26.512,0.7,1769901964764,0
179200594,26.513,4.4,1769901964764,0
179200595,26.514,19.5,1769901964764,0
179200596,26.515,0.4,1769901964764,0
179200597,26.516,15.3,1769901964764,0
179200598,26.517,45.9,1769901964769,0
179200599,26.518,8.2,1769901964811,0
179200600,26.519,0.4,1769901964837,0
179200601,26.52,4.4,1769901964837,0
179200602,26.521,22.4,1769901964837,0
179200603,26.522,0.4,1769901964841,0
179200604,26.523,1.0,1769901964857,0
179200605,26.524,1.1,1769901964857,0
179200606,26.525,5.7,1769901964857,0
179200607,26.526,5.1,1769901964859,0
179200608,26.527,10.6,1769901964897,0
179200609,26.528,21.1,1769901964899,0
179200610,26.529,6.0,1769901964905,0
179200611,26.53,0.4,1769901964954,0
179200612,26.531,4.1,1769901964954,0
179200613,26.532,0.4,1769901964954,0
179200614,26.533,5.7,1769901964954,0
179200615,26.534,5.6,1769901964954,0
179200616,26.534,2.5,1769901965063,0
179200617,26.535,5.1,1769901965368,0
179200618,26.535,1.0,1769901965410,1
179200619,26.535,25.5,1769901965588,1
179200620,26.534,8.6,1769901965588,1
179200621,26.533,37.2,1769901965588,1
179200622,26.534,0.7,1769901966093,0
179200623,26.533,8.8,1769901966208,1
179200624,26.532,0.4,1769901966210,1
179200625,26.531,0.4,1769901966210,1
179200626,26.53,0.4,1769901966221,1
179200627,26.529,0.4,1769901966221,1
179200628,26.528,0.4,1769901966260,1
179200629,26.527,2.3,1769901966261,1
179200630,26.526,0.4,1769901966261,1
179200631,26.525,0.4,1769901966303,1
179200632,26.524,0.7,1769901966303,1
179200633,26.523,0.6,1769901966303,1
179200634,26.522,1.2,1769901966305,1
179200635,26.521,1.1,1769901966320,1
179200636,26.52,0.4,1769901966325,1
179200637,26.519,0.4,1769901966328,1
179200638,26.518,10.6,1769901966329,1
179200639,26.517,3.9,1769901966329,1
179200640,26.516,0.6,1769901966333,1
179200641,26.515,1.3,1769901966333,1
179200642,26.514,0.6,1769901966410,1
179200643,26.513,0.4,1769901966414,1
179200644,26.512,1.1,1769901966418,1
179200645,26.513,0.5,1769901966560,0
179200646,26.513,0.3,1769901967094,0
179200647,26.512,48.8,1769901967363,1
179200648,26.511,0.4,1769901967365,1
179200649,26.51,0.8,1769901967366,1
179200650,26.509,1.1,1769901967366,1
179200651,26.508,1.1,1769901967367,1
179200652,26.507,6.0,1769901967367,1
179200653,26.506,1.4,1769901967367,1
179200654,26.505,0.4,1769901967419,1
179200655,26.504,0.7,1769901967429,1
179200656,26.503,1.1,1769901967472,1
179200657,26.502,0.4,1769901967477,1
179200658,26.502,17.4,1769901967552,0
179200659,26.503,1.1,1769901967555,0
179200660,26.504,0.4,1769901967557,0
179200661,26.505,0.4,1769901967557,0
179200662,26.506,0.4,1769901967557,0
179200663,26.507,19.5,1769901967558,0
179200664,26.508,0.4,1769901967558,0
179200665,26.508,11.6,1769901967598,1
179200666,26.509,2.8,1769901967604,0
179200667,26.51,1.1,1769901967604,0
179200668,26.511,8.2,1769901967604,0
179200669,26.512,6.5,1769901967604,0
179200670,26.513,8.4,1769901967604,0
179200671,26.514,0.4,1769901967604,0
179200672,26.515,0.4,1769901967604,0
179200673,26.516,1.3,1769901967604,0
179200674,26.517,5.2,1769901967606,0
179200675,26.515,14.0,1769901967663,0
179200676,26.516,6.6,1769901967663,0
179200677,26.517,8.1,1769901967663,0
179200678,26.518,2.8,1769901967663,0
179200679,26.519,0.4,1769901967666,0
179200680,26.52,0.4,1769901967666,0
179200681,26.521,22.3,1769901967720,0
179200682,26.522,0.4,1769901967722,0
179200683,26.523,0.6,1769901967722,0
179200684,26.524,0.7,1769901967731,0
179200685,26.524,0.2,1769901967921,0
179200686,26.525,1.1,1769901967923,0
179200687,26.526,0.4,1769901967923,0
179200688,26.527,0.4,1769901967938,0
179200689,26.526,2.6,1769901967944,1
179200690,26.528,1.1,1769901967951,0
179200691,26.527,0.8,1769901967980,0
179200692,26.526,0.5,1769901968092,0
179200693,26.525,0.4,1769901968183,1
179200694,26.526,0.4,1769901968357,0
179200695,26.527,0.4,1769901968357,0
179200696,26.528,3.5,1769901968357,0
179200697,26.529,0.4,1769901968362,0
179200698,26.53,0.6,1769901968362,0
179200699,26.531,1.1,1769901968425,0
179200700,26.532,0.4,1769901968480,0
179200701,26.533,0.2,1769901968480,0
179200702,26.531,0.4,1769901968588,1
179200703,26.53,0.4,1769901968588,1
179200704,26.529,0.4,1769901968631,1
179200705,26.528,0.4,1769901968631,1
179200706,26.527,1.1,1769901968631,1
179200707,26.526,0.4,1769901968732,1
179200708,26.525,0.4,1769901968813,1
179200709,26.527,0.4,1769901968897,0
179200710,26.528,0.4,1769901968899,0
179200711,26.529,0.4,1769901968902,0
179200712,26.53,8.0,1769901968905,0
179200713,26.531,0.4,1769901969032,0
179200714,26.532,4.0,1769901969036,0
179200715,26.532,7.8,1769901969322,1
179200716,26.531,4.2,1769901969335,1
179200717,26.53,19.3,1769901969335,1
179200718,26.529,3.1,1769901969335,1
179200719,26.528,6.3,1769901969335,1
179200720,26.527,30.6,1769901969335,1
179200721,26.526,0.4,1769901969337,1
179200722,26.525,0.8,1769901969349,1
179200723,26.524,1.1,1769901969414,1
179200724,26.524,0.3,1769901969564,0
179200725,26.523,1.2,1769901969716,1
179200726,26.522,0.4,1769901969716,1
179200727,26.521,8.8,1769901969768,1
179200728,26.52,0.4,1769901969772,1
179200729,26.519,0.4,1769901969772,1
179200730,26.518,0.7,1769901969787,1
179200731,26.517,0.9,1769901969788,1
179200732,26.516,0.7,1769901969895,1
179200733,26.515,1.1,1769901969975,1
179200734,26.514,0.4,1769901970056,1
179200735,26.513,0.4,1769901970056,1
179200736,26.512,2.1,1769901970056,1
179200737,26.512,0.3,1769901970086,0
179200738,26.511,0.4,1769901970135,1
179200739,26.51,0.4,1769901970235,1
179200740,26.509,1.1,1769901970236,1
179200741,26.508,0.4,1769901970236,1
179200742,26.507,0.4,1769901970236,1
179200743,26.507,0.4,1769901970266,0
179200744,26.507,3.8,1769901970341,1
179200745,26.506,0.5,1769901970795,1
179200746,26.508,0.6,1769901970920,0
179200747,26.509,0.4,1769901970921,0
179200748,26.509,0.1,1769901971023,0
179200749,26.508,0.4,1769901971082,1
179200750,26.507,0.4,1769901971165,1
179200751,26.506,0.4,1769901971165,1
179200752,26.504,0.7,1769901971168,1
179200753,26.503,1.1,1769901971168,1
179200754,26.502,5.9,1769901971168,1
179200755,26.501,0.4,1769901971340,1
179200756,26.501,0.3,1769901971483,0
179200757,26.501,0.3,1769901972105,0
179200758,26.5,11.0,1769901972124,1
179200759,26.499,0.6,1769901972124,1
179200760,26.498,7.7,1769901972124,1
179200761,26.497,1.1,1769901972128,1
179200762,26.496,0.7,1769901972168,1
179200763,26.495,0.4,1769901972169,1
179200764,26.494,1.1,1769901972176,1
179200765,26.493,0.4,1769901972176,1
179200766,26.492,0.7,1769901972176,1
179200767,26.491,2.3,1769901972227,1
179200768,26.49,0.4,1769901972268,1
179200769,26.489,0.8,1769901972268,1
179200770,26.488,1.4,1769901972268,1
179200771,26.487,1.0,1769901972268,1
179200772,26.486,0.4,1769901972268,1
179200773,26.485,2.6,1769901972268,1
179200774,26.484,0.7,1769901972268,1
179200775,26.483,2.1,1769901972268,1
179200776,26.484,7.6,1769901972434,0
179200777,26.485,2.6,1769901972451,0
179200778,26.488,0.4,1769901972455,0
179200779,26.489,0.7,1769901972455,0
179200780,26.49,0.4,1769901972505,0
179200781,26.492,1.1,1769901972505,0
179200782,26.492,2.1,1769901972589,1
179200783,26.491,0.4,1769901972658,1
179200784,26.49,0.3,1769901972658,1
179200785,26.491,0.3,1769901972661,0
179200786,26.49,0.1,1769901973006,1
179200787,26.489,4.4,1769901973006,1
179200788,26.488,3.3,1769901973006,1
179200789,26.488,0.3,1769901973093,0
179200790,26.489,0.4,1769901973377,0
179200791,26.49,0.4,1769901973381,0
179200792,26.491,0.4,1769901973383,0
179200793,26.492,40.4,1769901973387,0
179200794,26.493,1.9,1769901973389,0
179200795,26.494,0.6,1769901973389,0
179200796,26.495,0.4,1769901973392,0
179200797,26.496,0.4,1769901973475,0
179200798,26.497,9.8,1769901973476,0
179200799,26.498,0.3,1769901973605,0
179200800,26.497,2.7,1769901973748,0
179200801,26.496,0.4,1769901973763,1
179200802,26.495,0.4,1769901973896,1
179200803,26.494,0.4,1769901973896,1
179200804,26.493,0.4,1769901973896,1
179200805,26.492,0.4,1769901973896,1
179200806,26.491,0.4,1769901973896,1
179200807,26.492,2.4,1769901973919,0
179200808,26.492,0.7,1769901974031,1
179200809,26.493,4.1,1769901974040,0
179200810,26.491,1.1,1769901974580,1
179200811,26.49,0.4,1769901974583,1
179200812,26.489,0.4,1769901974585,1
179200813,26.488,1.1,1769901974591,1
179200814,26.487,0.4,1769901974598,1
179200815,26.486,0.4,1769901974604,1
179200816,26.486,0.5,1769901974719,0
179200817,26.486,4.0,1769901975017,0
179200818,26.487,4.4,1769901975017,0
179200819,26.488,9.3,1769901975017,0
179200820,26.489,5.1,1769901975017,0
179200821,26.49,11.7,1769901975017,0
179200822,26.491,7.6,1769901975017,0
179200823,26.492,15.1,1769901975017,0
179200824,26.493,8.4,1769901975017,0
179200825,26.489,11.4,1769901975064,0
179200826,26.49,4.8,1769901975113,0
179200827,26.491,2.0,1769901975236,0
179200828,26.492,0.4,1769901975236,0
179200829,26.493,2.3,1769901975236,0
179200830,26.493,1.8,1769901975702,0
179200831,26.494,1.2,1769901975768,0
179200832,26.495,2.3,1769901975812,0
179200833,26.496,2.0,1769901975813,0
179200834,26.497,22.1,1769901975821,0
179200835,26.498,3.6,1769901975824,0
179200836,26.499,0.4,1769901975850,0
179200837,26.5,1.3,1769901975882,0
179200838,26.501,1.1,1769901975882,0
179200839,26.502,0.4,1769901975882,0
179200840,26.503,3.9,1769901975882,0
179200841,26.504,4.4,1769901975918,0
179200842,26.505,12.9,1769901975918,0
179200843,26.506,0.8,1769901975918,0
179200844,26.507,0.4,1769901975944,0
179200845,26.508,0.7,1769901975944,0
179200846,26.509,0.4,1769901975944,0
179200847,26.51,3.9,1769901975972,0
179200848,26.511,6.5,1769901975982,0
179200849,26.512,4.5,1769901975982,0
179200850,26.513,1.3,1769901975982,0
179200851,26.514,0.6,1769901975982,0
179200852,26.515,2.1,1769901975982,0
179200853,26.516,2.1,1769901975982,0
179200854,26.517,2.7,1769901975982,0
179200855,26.518,3.6,1769901975982,0
179200856,26.517,2.4,1769901975987,1
179200857,26.515,2.4,1769901975987,1
179200858,26.509,9.9,1769901976063,1
179200859,26.508,0.4,1769901976064,1
179200860,26.507,0.4,1769901976064,1
179200861,26.506,3.5,1769901976064,1
179200862,26.505,0.4,1769901976072,1
179200863,26.504,0.4,1769901976072,1
179200864,26.504,0.3,1769901976111,0
179200865,26.503,1.1,1769901976159,1
179200866,26.502,0.6,1769901976160,1
179200867,26.501,1.2,1769901976625,1
179200868,26.5,1.1,1769901976713,1
179200869,26.5,0.3,1769901976754,0
179200870,26.499,0.4,1769901976877,1
179200871,26.498,0.4,1769901976879,1
179200872,26.497,0.7,1769901976882,1
179200873,26.496,0.4,1769901976923,1
179200874,26.495,1.1,1769901976925,1
179200875,26.494,0.7,1769901976929,1
179200876,26.493,0.4,1769901976931,1
179200877,26.492,0.4,1769901976931,1
179200878,26.493,0.4,1769901977075,0
179200879,26.494,0.4,1769901977098,0
179200880,26.495,1.2,1769901977100,0
179200881,26.496,0.4,1769901977105,0
179200882,26.497,7.3,1769901977154,0
179200883,26.496,0.3,1769901977715,0
179200884,26.497,3.3,1769901978041,0
179200885,26.498,1.1,1769901978042,0
179200886,26.499,0.4,1769901978042,0
179200887,26.5,0.4,1769901978092,0
179200888,26.501,2.7,1769901978122,0
179200889,26.502,1.6,1769901978126,0
179200890,26.503,0.4,1769901978137,0
179200891,26.502,2.1,1769901978367,1
179200892,26.503,1.8,1769901978386,0
179200893,26.502,21.1,1769901978553,1
179200894,26.501,0.4,1769901978553,1
179200895,26.5,1.1,1769901978553,1
179200896,26.499,2.7,1769901978553,1
179200897,26.498,9.8,1769901978553,1
179200898,26.497,8.8,1769901978553,1
179200899,26.496,20.1,1769901978553,1
179200900,26.495,10.5,1769901978554,1
179200901,26.494,11.8,1769901978554,1
179200902,26.493,15.4,1769901978554,1
179200903,26.492,18.8,1769901978554,1
179200904,26.491,8.4,1769901978554,1
179200905,26.49,4.0,1769901978554,1
179200906,26.489,10.1,1769901978554,1
179200907,26.488,18.3,1769901978554,1
179200908,26.487,19.0,1769901978554,1
179200909,26.486,31.9,1769901978554,1
179200910,26.485,6.1,1769901978554,1
179200911,26.484,11.1,1769901978554,1
179200912,26.483,2.2,1769901978554,1
179200913,26.482,13.2,1769901978554,1
179200914,26.481,86.8,1769901978554,1
179200915,26.491,2.9,1769901978592,1
179200916,26.49,3.4,1769901978595,0
179200917,26.487,0.3,1769901978848,0
179200918,26.486,0.4,1769901979058,1
179200919,26.485,0.4,1769901979059,1
179200920,26.484,0.4,1769901979059,1
179200921,26.483,3.0,1769901979059,1
179200922,26.484,0.4,1769901979233,0
179200923,26.484,1.8,1769901979770,0
179200924,26.485,2.9,1769901979771,0
179200925,26.486,0.4,1769901979771,0
179200926,26.487,30.0,1769901979771,0
179200927,26.488,4.4,1769901979771,0
179200928,26.489,0.6,1769901979771,0
179200929,26.49,0.8,1769901979771,0
179200930,26.491,0.4,1769901979802,0
179200931,26.492,0.4,1769901979802,0
179200932,26.493,0.4,1769901979804,0
179200933,26.494,0.4,1769901979804,0
179200934,26.495,1.2,1769901979826,0
179200935,26.496,0.4,1769901979826,0
179200936,26.497,0.4,1769901979826,0
179200937,26.498,1.1,1769901979826,0
179200938,26.499,0.4,1769901979826,0
179200939,26.5,0.7,1769901979826,0
179200940,26.501,1.3,1769901979826,0
179200941,26.502,12.8,1769901979826,0
179200942,26.503,5.2,1769901979826,0
179200943,26.504,0.7,1769901980165,0
179200944,26.505,12.9,1769901980167,0
179200945,26.506,0.4,1769901980174,0
179200946,26.507,0.4,1769901980203,0
179200947,26.508,0.6,1769901980203,0
179200948,26.509,0.4,1769901980203,0
179200949,26.51,0.4,1769901980214,0
179200950,26.511,0.4,1769901980214,0
179200951,26.512,0.7,1769901980214,0
179200952,26.513,1.1,1769901980214,0
179200953,26.514,4.8,1769901980214,0
179200954,26.514,1.6,1769901980233,1
179200955,26.511,2.4,1769901980273,0
179200956,26.511,2.8,1769901980406,1
179200957,26.512,6.7,1769901980413,0
179200958,26.512,12.1,1769901980467,1
179200959,26.511,3.7,1769901980467,1
179200960,26.51,0.4,1769901980469,1
179200961,26.509,1.1,1769901980478,1
179200962,26.508,0.4,1769901980482,1
179200963,26.507,0.4,1769901980483,1
179200964,26.506,3.5,1769901980510,1
179200965,26.505,0.6,1769901980538,1
179200966,26.504,0.4,1769901980543,1
179200967,26.503,0.7,1769901980544,1
179200968,26.502,0.4,1769901980704,1
179200969,26.501,0.4,1769901980784,1
179200970,26.5,2.1,1769901980785,1
179200971,26.5,0.4,1769901980908,0
179200972,26.499,0.4,1769901980960,1
179200973,26.498,7.7,1769901980960,1
179200974,26.497,1.1,1769901981038,1
179200975,26.497,0.3,1769901981103,0
179200976,26.496,0.4,1769901981149,1
179200977,26.495,0.4,1769901981149,1
179200978,26.494,1.3,1769901981149,1
179200979,26.492,0.4,1769901981149,1
179200980,26.491,1.1,1769901981149,1
179200981,26.49,0.7,1769901981149,1
179200982,26.489,0.6,1769901981149,1
179200983,26.488,29.2,1769901981149,1
179200984,26.487,4.1,1769901981149,1
179200985,26.486,0.4,1769901981149,1
179200986,26.485,1.1,1769901981149,1
179200987,26.484,12.8,1769901981149,1
179200988,26.483,7.1,1769901981149,1
179200989,26.485,0.3,1769901981153,1
179200990,26.49,3.5,1769901981189,0
179200991,26.491,0.4,1769901981342,0
179200992,26.491,15.5,1769901981554,0
179200993,26.492,0.4,1769901981554,0
179200994,26.493,2.7,1769901981554,0
179200995,26.494,2.2,1769901981554,0
179200996,26.493,10.4,1769901981598,0
179200997,26.494,10.2,1769901981598,0
179200998,26.495,3.2,1769901981598,0
179200999,26.496,0.4,1769901981598,0
179201000,26.497,4.6,1769901981598,0
179201001,26.498,4.8,1769901981598,0
179201002,26.499,5.3,1769901981598,0
179201003,26.5,10.1,1769901981598,0
179201004,26.501,5.2,1769901981601,0
179201005,26.502,4.8,1769901981601,0
179201006,26.503,13.3,1769901981601,0
179201007,26.504,3.6,1769901981601,0
179201008,26.505,0.4,1769901981601,0
179201009,26.506,25.5,1769901981601,0
179201010,26.507,18.9,1769901981601,0
179201011,26.508,0.4,1769901981601,0
179201012,26.509,12.5,1769901981601,0
179201013,26.51,27.6,1769901981601,0
179201014,26.511,10.8,1769901981601,0
179201015,26.506,2.4,1769901981602,1
179201016,26.503,56.8,1769901981602,1
179201017,26.5,593.8,1769901981602,1
179201018,26.507,3.5,1769901981605,1
179201019,26.506,3.9,1769901981605,1
179201020,26.504,1.7,1769901981605,1
179201021,26.502,1.7,1769901981605,1
179201022,26.501,3.3,1769901981605,1
179201023,26.5,59.2,1769901981605,1
179201024,26.492,2.3,1769901981605,1
179201025,26.491,0.4,1769901981605,1
179201026,26.49,9.6,1769901981605,1
179201027,26.489,0.4,1769901981605,1
179201028,26.488,1.1,1769901981605,1
179201029,26.487,0.4,1769901981605,1
179201030,26.486,5.6,1769901981605,1
179201031,26.495,1.8,1769901981606,1
179201032,26.5,0.8,1769901981607,1
179201033,26.49,3.3,1769901981609,0
179201034,26.492,5.6,1769901981612,0
179201035,26.493,1.7,1769901981615,0
179201036,26.492,4.4,1769901981617,0
179201037,26.493,15.4,1769901981617,0
179201038,26.491,3.6,1769901981642,0
179201039,26.492,6.0,1769901981643,0
179201040,26.493,8.4,1769901981643,0
179201041,26.494,0.4,1769901981643,0
179201042,26.495,2.1,1769901981643,0
179201043,26.496,0.2,1769901981644,0
179201044,26.497,4.1,1769901981644,0
179201045,26.498,1.7,1769901981644,0
179201046,26.499,1.7,1769901981644,0
179201047,26.5,11.3,1769901981644,0
179201048,26.501,10.5,1769901981644,0
179201049,26.498,1.7,1769901981647,0
179201050,26.501,1.3,1769901981647,0
179201051,26.498,5.3,1769901981650,0
179201052,26.5,4.1,1769901981650,0
179201053,26.501,3.6,1769901981651,0
179201054,26.502,2.4,1769901981651,0
179201055,26.5,1.2,1769901981654,1
179201056,26.502,4.9,1769901981669,0
179201057,26.504,4.9,1769901981670,0
179201058,26.503,1.6,1769901981679,1
179201059,26.5,0.4,1769901981687,1
179201060,26.499,0.4,1769901981687,1
179201061,26.498,0.4,1769901981688,1
179201062,26.497,2.1,1769901981688,1
179201063,26.494,0.7,1769901981692,1
179201064,26.491,19.1,1769901981692,1
179201065,26.489,1.0,1769901981697,1
179201066,26.49,3.3,1769901981718,0
179201067,26.493,0.4,1769901981791,1
179201068,26.492,0.4,1769901981848,1
179201069,26.492,4.7,1769901982065,0
179201070,26.492,18.9,1769901982316,0
179201071,26.493,9.9,1769901982317,0
179201072,26.494,3.8,1769901982319,0
179201073,26.495,4.1,1769901982320,0
179201074,26.496,2.8,1769901982320,0
179201075,26.497,5.8,1769901982320,0
179201076,26.498,20.8,1769901982320,0
179201077,26.499,3.0,1769901982320,0
179201078,26.5,0.4,1769901982322,0
179201079,26.501,4.5,1769901982322,0
179201080,26.502,4.5,1769901982322,0
179201081,26.503,8.0,1769901982322,0
179201082,26.504,3.1,1769901982322,0
179201083,26.505,7.4,1769901982322,0
179201084,26.506,12.3,1769901982323,0
179201085,26.507,3.6,1769901982323,0
179201086,26.508,0.6,1769901982323,0
179201087,26.509,4.8,1769901982323,0
179201088,26.51,1.1,1769901982323,0
179201089,26.511,10.0,1769901982323,0
179201090,26.512,13.0,1769901982323,0
179201091,26.513,1.1,1769901982323,0
179201092,26.514,13.1,1769901982323,0
179201093,26.515,13.7,1769901982323,0
179201094,26.516,22.1,1769901982323,0
179201095,26.517,108.6,1769901982323,0
179201096,26.518,4.2,1769901982324,0
179201097,26.519,14.6,1769901982325,0
179201098,26.52,12.1,1769901982325,0
179201099,26.521,0.4,1769901982325,0
179201100,26.522,1.1,1769901982325,0
179201101,26.523,2.7,1769901982325,0
179201102,26.524,11.2,1769901982325,0
179201103,26.525,1.1,1769901982326,0
179201104,26.526,64.4,1769901982326,0
179201105,26.527,0.9,1769901982326,0
179201106,26.528,8.6,1769901982327,0
179201107,26.529,9.1,1769901982327,0
179201108,26.53,20.3,1769901982327,0
179201109,26.531,5.0,1769901982327,0
179201110,26.532,11.9,1769901982328,0
179201111,26.533,2.6,1769901982328,0
179201112,26.534,6.3,1769901982329,0
179201113,26.535,6.2,1769901982329,0
179201114,26.536,0.7,1769901982329,0
179201115,26.537,1.5,1769901982329,0
179201116,26.538,34.2,1769901982329,0
179201117,26.539,3.3,1769901982329,0
179201118,26.54,7.6,1769901982330,0
179201119,26.541,11.2,1769901982330,0
179201120,26.542,0.4,1769901982330,0
179201121,26.543,3.3,1769901982330,0
179201122,26.544,12.0,1769901982330,0
179201123,26.545,4.0,1769901982330,0
179201124,26.542,17.6,1769901982331,0
179201125,26.546,4.3,1769901982331,0
179201126,26.547,7.5,1769901982331,0
179201127,26.548,2.0,1769901982331,0
179201128,26.549,30.9,1769901982331,0
179201129,26.55,57.5,1769901982331,0
179201130,26.551,0.8,1769901982331,0
179201131,26.552,10.1,1769901982333,0
179201132,26.553,5.6,1769901982333,0
179201133,26.554,3.6,1769901982333,0
179201134,26.555,1.4,1769901982333,0
179201135,26.556,1.5,1769901982333,0
179201136,26.557,0.4,1769901982333,0
179201137,26.558,1.5,1769901982333,0
179201138,26.559,0.4,1769901982333,0
179201139,26.56,4.1,1769901982334,0
179201140,26.561,37.4,1769901982334,0
179201141,26.562,19.1,1769901982334,0
179201142,26.563,4.6,1769901982334,0
179201143,26.564,8.2,1769901982335,0
179201144,26.565,3.9,1769901982335,0
179201145,26.563,0.9,1769901982336,0
179201146,26.565,17.8,1769901982336,0
179201147,26.564,16.7,1769901982337,0
179201148,26.565,72.6,1769901982337,0
179201149,26.564,0.4,1769901982340,1
179201150,26.565,0.7,1769901982343,1
179201151,26.566,6.9,1769901982344,0
179201152,26.565,4.2,1769901982345,1
179201153,26.564,4.8,1769901982345,1
179201154,26.565,2.6,1769901982346,0
179201155,26.566,4.5,1769901982346,0
179201156,26.564,0.1,1769901982347,1
179201157,26.563,18.4,1769901982347,1
179201158,26.561,2.0,1769901982347,1
179201159,26.56,5.3,1769901982347,1
179201160,26.565,4.4,1769901982347,0
179201161,26.566,3.5,1769901982347,1
179201162,26.565,0.4,1769901982349,0
179201163,26.564,4.9,1769901982358,1
179201164,26.563,1.8,1769901982358,1
179201165,26.562,0.4,1769901982358,1
179201166,26.559,1.2,1769901982359,1
179201167,26.557,1.3,1769901982359,1
179201168,26.555,10.0,1769901982359,1
179201169,26.554,2.1,1769901982359,1
179201170,26.553,13.7,1769901982359,1
179201171,26.554,18.4,1769901982361,1
179201172,26.552,8.3,1769901982361,1
179201173,26.551,1.1,1769901982361,1
179201174,26.55,6.2,1769901982361,1
179201175,26.549,9.3,1769901982361,1
179201176,26.547,6.2,1769901982361,1
179201177,26.558,4.4,1769901982363,0
179201178,26.559,6.4,1769901982363,0
179201179,26.558,6.8,1769901982364,0
179201180,26.561,3.5,1769901982371,0
179201181,26.562,1.3,1769901982374,0
179201182,26.563,2.4,1769901982374,0
179201183,26.564,1.6,1769901982374,0
179201184,26.566,6.4,1769901982374,0
179201185,26.567,10.9,1769901982374,0
179201186,26.568,4.6,1769901982374,0
179201187,26.569,2.0,1769901982374,0
179201188,26.57,2.3,1769901982374,0
179201189,26.571,2.0,1769901982374,0
179201190,26.572,0.4,1769901982374,0
179201191,26.573,6.7,1769901982374,0
179201192,26.574,0.9,1769901982374,0
179201193,26.575,19.5,1769901982374,0
179201194,26.576,0.3,1769901982374,0
179201195,26.577,8.5,1769901982374,0
179201196,26.578,10.0,1769901982374,0
179201197,26.562,1.1,1769901982376,0
179201198,26.575,0.3,1769901982376,0
179201199,26.572,8.2,1769901982377,1
179201200,26.567,1.3,1769901982377,1
179201201,26.563,1.2,1769901982377,1
179201202,26.562,20.5,1769901982377,1
179201203,26.561,77.5,1769901982377,1
179201204,26.569,1.3,1769901982380,1
179201205,26.566,1.6,1769901982380,1
179201206,26.564,1.6,1769901982380,1
179201207,26.563,4.3,1769901982380,1
179201208,26.571,1.3,1769901982381,1
179201209,26.565,1.3,1769901982381,1
179201210,26.563,0.3,1769901982381,1
179201211,26.562,9.0,1769901982381,1
179201212,26.565,4.9,1769901982383,1
179201213,26.559,21.9,1769901982390,1
179201214,26.557,5.3,1769901982390,1
179201215,26.561,3.5,1769901982391,0
179201216,26.562,3.5,1769901982391,0
179201217,26.564,0.4,1769901982391,0
179201218,26.56,2.0,1769901982392,0
179201219,26.559,1.6,1769901982393,0
179201220,26.56,1.5,1769901982393,0
179201221,26.561,3.9,1769901982393,0
179201222,26.562,4.5,1769901982394,0
179201223,26.564,7.3,1769901982394,0
179201224,26.565,4.4,1769901982395,0
179201225,26.566,3.3,1769901982395,0
179201226,26.561,2.6,1769901982396,0
179201227,26.563,0.9,1769901982396,0
179201228,26.566,5.4,1769901982396,0
179201229,26.567,2.3,1769901982396,0
179201230,26.563,3.5,1769901982398,0
179201231,26.564,1.1,1769901982398,0
179201232,26.566,1.6,1769901982398,0
179201233,26.567,1.9,1769901982398,0
179201234,26.568,0.4,1769901982398,0
179201235,26.569,5.1,1769901982398,0
179201236,26.57,1.2,1769901982398,0
179201237,26.571,2.5,1769901982398,0
179201238,26.572,1.6,1769901982398,0
179201239,26.574,9.5,1769901982398,0
179201240,26.575,3.7,1769901982398,0
179201241,26.573,4.5,1769901982398,0
179201242,26.575,3.3,1769901982398,0
179201243,26.576,6.1,1769901982398,0
179201244,26.577,9.5,1769901982398,0
179201245,26.578,9.4,1769901982398,0
179201246,26.579,20.3,1769901982398,0
179201247,26.567,0.5,1769901982399,0
179201248,26.564,1.7,1769901982402,0
179201249,26.569,1.8,1769901982402,0
179201250,26.57,3.5,1769901982402,0
179201251,26.573,3.9,1769901982404,0
179201252,26.575,1.2,1769901982404,0
179201253,26.572,3.5,1769901982408,0
179201254,26.573,1.2,1769901982408,0
179201255,26.571,4.9,1769901982414,1
179201256,26.572,1.3,1769901982417,1
179201257,26.571,1.8,1769901982417,1
179201258,26.568,5.8,1769901982417,1
179201259,26.566,18.4,1769901982422,1
179201260,26.565,4.9,1769901982422,1
179201261,26.566,2.1,1769901982424,1
179201262,26.563,2.2,1769901982429,1
179201263,26.565,4.9,1769901982431,1
179201264,26.563,2.7,1769901982431,1
179201265,26.561,2.8,1769901982431,1
179201266,26.56,18.8,1769901982431,1
179201267,26.562,0.4,1769901982431,1
179201268,26.563,4.9,1769901982437,1
179201269,26.563,1.8,1769901982448,0
179201270,26.564,9.5,1769901982448,0
179201271,26.563,1.3,1769901982462,0
179201272,26.564,3.1,1769901982462,0
179201273,26.564,0.9,1769901982484,1
179201274,26.565,0.4,1769901982540,0
179201275,26.566,0.4,1769901982540,0
179201276,26.569,0.4,1769901982547,0
179201277,26.57,0.4,1769901982553,0
179201278,26.571,0.4,1769901982607,0
179201279,26.574,1.1,1769901982607,0
179201280,26.575,0.4,1769901982607,0
179201281,26.575,0.4,1769901982614,1
179201282,26.576,0.4,1769901982651,0
179201283,26.577,1.1,1769901982651,0
179201284,26.578,0.4,1769901982651,0
179201285,26.579,0.4,1769901982653,0
179201286,26.579,2.5,1769901982656,1
179201287,26.579,19.1,1769901982823,1
179201288,26.58,34.6,1769901982924,0
179201289,26.58,27.8,1769901983027,0
179201290,26.579,0.3,1769901983066,1
179201291,26.581,0.6,1769901983066,0
179201292,26.582,2.2,1769901983068,0
179201293,26.583,2.7,1769901983069,0
179201294,26.584,0.9,1769901983073,0
179201295,26.585,2.2,1769901983073,0
179201296,26.585,3.9,1769901983074,1
179201297,26.584,3.9,1769901983099,1
179201298,26.583,2.6,1769901983099,1
179201299,26.584,1.8,1769901983102,1
179201300,26.586,3.8,1769901983123,0
179201301,26.587,6.8,1769901983124,0
179201302,26.586,7.6,1769901983127,0
179201303,26.585,2.2,1769901983175,0
179201304,26.584,1.4,1769901983178,1
179201305,26.583,18.8,1769901983180,1
179201306,26.582,0.4,1769901983181,1
179201307,26.581,0.4,1769901983181,1
179201308,26.58,1.1,1769901983181,1
179201309,26.579,6.6,1769901983181,1
179201310,26.578,20.1,1769901983181,1
179201311,26.577,6.0,1769901983182,1
179201312,26.577,1.2,1769901983187,0
179201313,26.578,8.6,1769901983187,0
179201314,26.581,4.0,1769901983289,0
179201315,26.582,2.7,1769901983293,0
179201316,26.583,8.9,1769901983294,0
179201317,26.584,3.5,1769901983298,0
179201318,26.585,4.0,1769901983304,0
179201319,26.584,2.1,1769901983305,0
179201320,26.583,2.4,1769901983307,1
179201321,26.582,0.4,1769901983307,1
179201322,26.581,0.4,1769901983307,1
179201323,26.58,1.8,1769901983307,1
179201324,26.584,4.4,1769901983345,0
179201325,26.585,2.5,1769901983347,0
179201326,26.586,0.3,1769901983510,0
179201327,26.586,0.2,1769901983637,0
179201328,26.585,3.5,1769901983681,1
179201329,26.584,3.9,1769901983682,1
179201330,26.583,0.4,1769901983683,1
179201331,26.582,0.4,1769901983684,1
179201332,26.581,0.4,1769901983684,1
179201333,26.58,2.2,1769901983684,1
179201334,26.579,0.4,1769901983684,1
179201335,26.578,1.7,1769901983684,1
179201336,26.577,1.3,1769901983684,1
179201337,26.578,2.4,1769901983695,0
179201338,26.58,2.5,1769901983701,0
179201339,26.583,0.7,1769901983709,0
179201340,26.584,2.1,1769901983711,0
179201341,26.585,4.6,1769901983716,0
179201342,26.585,0.6,1769901983731,1
179201343,26.584,3.5,1769901983733,1
179201344,26.583,1.3,1769901983737,1
179201345,26.583,6.8,1769901983768,0
179201346,26.584,0.4,1769901983770,0
179201347,26.585,0.4,1769901983770,0
179201348,26.586,33.2,1769901983943,0
179201349,26.587,1.4,1769901983943,0
179201350,26.588,6.5,1769901983943,0
179201351,26.589,26.6,1769901983943,0
179201352,26.59,6.2,1769901983943,0
179201353,26.591,0.1,1769901983943,0
179201354,26.59,2.7,1769901984056,1
179201355,26.589,0.8,1769901984075,1
179201356,26.588,0.4,1769901984186,1
179201357,26.587,0.4,1769901984186,1
179201358,26.586,0.4,1769901984186,1
179201359,26.585,0.4,1769901984186,1
179201360,26.584,5.9,1769901984186,1
179201361,26.588,7.1,1769901984447,1
179201362,26.59,8.0,1769901984648,0
179201363,26.591,7.9,1769901984648,0
179201364,26.59,3.6,1769901984680,1
179201365,26.589,7.2,1769901984680,1
179201366,26.588,7.3,1769901984680,1
179201367,26.587,4.4,1769901984680,1
179201368,26.586,4.4,1769901984680,1
179201369,26.585,5.3,1769901984680,1
179201370,26.584,5.0,1769901984680,1
179201371,26.583,23.0,1769901984680,1
179201372,26.582,12.1,1769901984680,1
179201373,26.581,6.9,1769901984680,1
179201374,26.58,6.2,1769901984680,1
179201375,26.579,0.4,1769901984680,1
179201376,26.578,2.1,1769901984680,1
179201377,26.577,6.2,1769901984680,1
179201378,26.576,12.8,1769901984681,1
179201379,26.575,112.8,1769901984681,1
179201380,26.574,25.4,1769901984681,1
179201381,26.573,3.9,1769901984681,1
179201382,26.572,26.3,1769901984681,1
179201383,26.571,13.9,1769901984681,1
179201384,26.57,16.3,1769901984681,1
179201385,26.569,5.3,1769901984681,1
179201386,26.568,6.7,1769901984681,1
179201387,26.567,0.4,1769901984681,1
179201388,26.566,33.4,1769901984681,1
179201389,26.565,26.2,1769901984681,1
179201390,26.579,0.8,1769901984683,1
179201391,26.565,9.4,1769901984683,1
179201392,26.564,8.8,1769901984683,1
179201393,26.563,5.3,1769901984683,1
179201394,26.58,4.9,1769901984683,1
179201395,26.568,1.7,1769901984685,1
179201396,26.566,6.0,1769901984685,1
179201397,26.565,5.4,1769901984685,1
179201398,26.572,7.0,1769901984715,0
179201399,26.569,0.2,1769901984725,1
179201400,26.571,2.8,1769901984757,0
179201401,26.572,0.4,1769901984757,0
179201402,26.572,0.2,1769901984758,1
179201403,26.57,10.6,1769901984758,1
179201404,26.569,3.8,1769901984763,1
179201405,26.568,3.2,1769901984763,1
179201406,26.567,1.5,1769901984763,1
179201407,26.566,2.1,1769901984763,1
179201408,26.565,1.8,1769901984763,1
179201409,26.564,4.1,1769901984763,1
179201410,26.563,4.4,1769901984763,1
179201411,26.562,10.1,1769901984763,1
179201412,26.561,4.0,1769901984763,1
179201413,26.56,0.7,1769901984763,1
179201414,26.566,3.5,1769901984787,0
179201415,26.566,0.4,1769901985034,1
179201416,26.565,0.4,1769901985035,1
179201417,26.564,0.4,1769901985039,1
179201418,26.563,0.4,1769901985039,1
179201419,26.562,1.1,1769901985041,1
179201420,26.561,1.3,1769901985045,1
179201421,26.561,0.3,1769901985091,0
179201422,26.56,0.7,1769901985092,1
179201423,26.559,0.4,1769901985095,1
179201424,26.559,2.7,1769901985100,0
179201425,26.559,2.4,1769901985357,0
179201426,26.56,0.4,1769901985405,0
179201427,26.561,0.4,1769901985406,0
179201428,26.562,2.6,1769901985414,0
179201429,26.562,2.1,1769901985439,1
179201430,26.563,0.4,1769901985443,0
179201431,26.564,4.2,1769901985443,0
179201432,26.565,6.2,1769901985443,0
179201433,26.566,0.6,1769901985463,0
179201434,26.567,17.1,1769901985463,0
179201435,26.568,6.0,1769901985469,0
179201436,26.569,0.6,1769901985537,0
179201437,26.57,3.2,1769901985537,0
179201438,26.569,1.7,1769901985583,1
179201439,26.569,0.2,1769901985749,0
179201440,26.569,7.8,1769901985838,1
179201441,26.568,5.5,1769901985838,1
179201442,26.567,0.4,1769901985838,1
179201443,26.566,0.4,1769901985838,1
179201444,26.565,4.4,1769901985838,1
179201445,26.564,3.7,1769901985838,1
179201446,26.563,7.7,1769901985838,1
179201447,26.562,26.3,1769901985838,1
179201448,26.561,7.8,1769901985838,1
179201449,26.56,14.5,1769901985838,1
179201450,26.559,7.5,1769901985838,1
179201451,26.558,3.2,1769901985838,1
179201452,26.557,4.9,1769901985838,1
179201453,26.562,4.0,1769901985848,0
179201454,26.563,2.9,1769901985850,0
179201455,26.566,3.3,1769901985857,0
179201456,26.568,28.4,1769901985860,0
179201457,26.57,18.5,1769901985877,0
179201458,26.57,10.0,1769901985916,1
179201459,26.57,2.3,1769901985947,0
179201460,26.569,0.4,1769901986156,1
179201461,26.568,0.4,1769901986158,1
179201462,26.567,0.4,1769901986158,1
179201463,26.566,0.4,1769901986158,1
179201464,26.565,0.4,1769901986191,1
179201465,26.564,0.4,1769901986192,1
179201466,26.563,1.3,1769901986192,1
179201467,26.562,1.1,1769901986192,1
179201468,26.561,0.6,1769901986192,1
179201469,26.56,0.4,1769901986192,1
179201470,26.56,10.8,1769901986377,0
179201471,26.561,4.3,1769901986377,0
179201472,26.562,7.0,1769901986377,0
179201473,26.563,4.5,1769901986377,0
179201474,26.564,27.8,1769901986377,0
179201475,26.565,15.2,1769901986377,0
179201476,26.566,10.5,1769901986377,0
179201477,26.567,0.8,1769901986377,0
179201478,26.568,12.3,1769901986377,0
179201479,26.569,7.0,1769901986377,0
179201480,26.57,0.6,1769901986379,0
179201481,26.571,4.2,1769901986379,0
179201482,26.572,2.8,1769901986379,0
179201483,26.573,3.1,1769901986384,0
179201484,26.574,1.1,1769901986384,0
179201485,26.575,32.0,1769901986384,0
179201486,26.576,22.3,1769901986384,0
179201487,26.575,3.3,1769901986386,0
179201488,26.577,6.0,1769901986424,0
179201489,26.577,4.8,1769901986560,1
179201490,26.576,0.4,1769901986561,1
179201491,26.575,0.4,1769901986562,1
179201492,26.574,0.4,1769901986565,1
179201493,26.574,2.4,1769901986711,0
179201494,26.575,0.4,1769901986715,0
179201495,26.576,0.4,1769901986727,0
179201496,26.577,0.4,1769901986772,0
179201497,26.578,0.4,1769901986790,0
179201498,26.579,0.1,1769901986856,0
179201499,26.578,1.0,1769901986903,1
179201500,26.578,0.3,1769901987092,0
179201501,26.578,4.9,1769901987569,0
179201502,26.579,9.4,1769901987574,0
179201503,26.58,2.6,1769901987577,0
179201504,26.581,0.4,1769901987611,0
179201505,26.582,0.4,1769901987611,0
179201506,26.583,0.3,1769901988098,0
179201507,26.582,9.5,1769901988153,1
179201508,26.582,1.2,1769901988154,0
179201509,26.581,0.4,1769901988155,1
179201510,26.58,0.4,1769901988155,1
179201511,26.579,0.4,1769901988155,1
179201512,26.578,0.4,1769901988155,1
179201513,26.577,9.9,1769901988217,1
179201514,26.576,1.7,1769901988219,1
179201515,26.575,9.9,1769901988541,1
179201516,26.574,0.4,1769901988545,1
179201517,26.574,0.3,1769901989096,0
179201518,26.573,28.2,1769901989791,1
179201519,26.572,0.4,1769901989791,1
179201520,26.571,5.1,1769901989791,1
179201521,26.57,0.4,1769901989791,1
179201522,26.569,3.4,1769901989791,1
179201523,26.568,1.1,1769901989791,1
179201524,26.567,2.1,1769901989791,1
179201525,26.566,37.0,1769901989791,1
179201526,26.565,5.7,1769901989791,1
179201527,26.564,2.3,1769901989792,1
179201528,26.563,19.8,1769901989792,1
179201529,26.562,1.1,1769901989792,1
179201530,26.561,7.5,1769901989792,1
179201531,26.56,27.1,1769901989792,1
179201532,26.559,10.8,1769901989792,1
179201533,26.558,0.4,1769901989792,1
179201534,26.557,5.7,1769901989792,1
179201535,26.556,6.4,1769901989792,1
179201536,26.555,2.1,1769901989792,1
179201537,26.554,9.0,1769901989792,1
179201538,26.553,14.4,1769901989792,1
179201539,26.552,20.3,1769901989792,1
179201540,26.551,103.7,1769901989792,1
179201541,26.55,6.6,1769901989792,1
179201542,26.549,26.0,1769901989792,1
179201543,26.548,5.7,1769901989792,1
179201544,26.547,10.7,1769901989792,1
179201545,26.546,8.8,1769901989792,1
179201546,26.545,31.9,1769901989792,1
179201547,26.544,6.5,1769901989792,1
179201548,26.543,11.9,1769901989792,1
179201549,26.542,77.0,1769901989792,1
179201550,26.544,0.3,1769901989794,1
179201551,26.554,1.5,1769901989795,1
179201552,26.553,1.5,1769901989795,1
179201553,26.552,0.8,1769901989795,1
179201554,26.551,1.5,1769901989795,1
179201555,26.549,1.5,1769901989795,1
179201556,26.547,4.4,1769901989795,1
179201557,26.546,4.0,1769901989795,1
179201558,26.545,1.5,1769901989795,1
179201559,26.544,5.6,1769901989795,1
179201560,26.543,4.0,1769901989795,1
179201561,26.542,10.3,1769901989795,1
179201562,26.541,12.9,1769901989795,1
179201563,26.54,3.9,1769901989795,1
179201564,26.539,1.9,1769901989795,1
179201565,26.538,7.7,1769901989795,1
179201566,26.537,228.6,1769901989796,1
179201567,26.537,9.8,1769901989796,0
179201568,26.536,12.4,1769901989798,1
179201569,26.535,2.6,1769901989798,1
179201570,26.534,1.1,1769901989798,1
179201571,26.533,1.9,1769901989798,1
179201572,26.532,8.0,1769901989798,1
179201573,26.538,1.5,1769901989798,1
179201574,26.531,4.5,1769901989798,1
179201575,26.53,0.4,1769901989798,1
179201576,26.536,0.2,1769901989806,1
179201577,26.537,11.2,1769901989811,0
179201578,26.541,11.3,1769901989822,0
179201579,26.542,0.5,1769901989832,0
179201580,26.537,2.6,1769901989834,1
179201581,26.536,2.7,1769901989834,1
179201582,26.54,2.4,1769901989835,1
179201583,26.535,0.4,1769901989852,1
179201584,26.534,0.4,1769901989852,1
179201585,26.531,9.9,1769901989894,1
179201586,26.53,0.4,1769901989895,1
179201587,26.529,2.9,1769901989895,1
179201588,26.528,1.9,1769901989895,1
179201589,26.528,1.1,1769901989901,0
179201590,26.527,0.8,1769901989903,1
179201591,26.527,7.9,1769901990043,0
179201592,26.528,0.4,1769901990052,0
179201593,26.529,0.4,1769901990100,0
179201594,26.53,0.4,1769901990102,0
179201595,26.531,0.4,1769901990117,0
179201596,26.532,0.4,1769901990117,0
179201597,26.533,0.9,1769901990118,0
179201598,26.534,6.0,1769901990118,0
179201599,26.535,3.9,1769901990118,0
179201600,26.536,0.4,1769901990125,0
179201601,26.537,1.1,1769901990127,0
179201602,26.538,22.9,1769901990127,0
179201603,26.539,0.6,1769901990152,0
179201604,26.54,4.3,1769901990152,0
179201605,26.541,5.7,1769901990152,0
179201606,26.542,3.9,1769901990152,0
179201607,26.543,1.1,1769901990152,0
179201608,26.544,2.2,1769901990152,0
179201609,26.545,7.0,1769901990152,0
179201610,26.546,2.9,1769901990152,0
179201611,26.547,5.5,1769901990152,0
179201612,26.548,0.2,1769901990152,0
179201613,26.54,2.4,1769901990154,0
179201614,26.538,2.4,1769901990202,0
179201615,26.539,2.4,1769901990566,0
179201616,26.54,0.4,1769901990594,0
179201617,26.539,0.4,1769901990717,1
179201618,26.538,0.4,1769901990724,1
179201619,26.537,0.2,1769901991091,0
179201620,26.537,0.1,1769901991196,0
179201621,26.536,9.9,1769901991278,1
179201622,26.535,0.4,1769901991280,1
179201623,26.534,0.4,1769901991280,1
179201624,26.533,0.4,1769901991280,1
179201625,26.532,1.1,1769901991280,1
179201626,26.531,0.4,1769901991321,1
179201627,26.53,0.8,1769901991323,1
179201628,26.529,1.1,1769901991323,1
179201629,26.528,0.4,1769901991323,1
179201630,26.527,1.2,1769901991368,1
179201631,26.526,2.3,1769901991370,1
179201632,26.526,4.8,1769901991391,0
179201633,26.528,0.4,1769901991396,0
179201634,26.529,0.4,1769901991399,0
179201635,26.531,0.4,1769901991455,0
179201636,26.532,0.4,1769901991457,0
179201637,26.533,26.0,1769901991511,0
179201638,26.534,1.1,1769901991512,0
179201639,26.535,0.6,1769901991514,0
179201640,26.536,1.6,1769901991516,0
179201641,26.536,2.4,1769901991852,1
179201642,26.535,5.2,1769901991853,1
179201643,26.534,0.4,1769901991854,1
179201644,26.533,0.4,1769901991868,1
179201645,26.534,0.4,1769901992026,0
179201646,26.535,0.4,1769901992028,0
179201647,26.536,6.9,1769901992082,0
179201648,26.537,8.4,1769901992082,0
179201649,26.538,0.4,1769901992083,0
179201650,26.539,3.3,1769901992083,0
179201651,26.54,1.3,1769901992084,0
179201652,26.541,29.0,1769901992084,0
179201653,26.542,0.4,1769901992103,0
179201654,26.543,4.0,1769901992103,0
179201655,26.544,3.8,1769901992158,0
179201656,26.545,4.6,1769901992158,0
179201657,26.546,6.7,1769901992764,0
179201658,26.546,6.7,1769901993051,1
179201659,26.545,0.4,1769901993051,1
179201660,26.544,0.4,1769901993052,1
179201661,26.543,0.4,1769901993052,1
179201662,26.543,0.2,1769901993090,0
179201663,26.542,0.4,1769901993097,1
179201664,26.541,10.6,1769901993097,1
179201665,26.54,0.4,1769901993108,1
179201666,26.539,0.4,1769901993112,1
179201667,26.538,1.1,1769901993112,1
179201668,26.537,0.4,1769901993155,1
179201669,26.536,0.4,1769901993155,1
179201670,26.535,0.4,1769901993267,1
179201671,26.534,0.4,1769901993267,1
179201672,26.533,0.4,1769901993267,1
179201673,26.532,1.1,1769901993267,1
179201674,26.531,0.4,1769901993267,1
179201675,26.53,0.4,1769901993339,1
179201676,26.529,1.1,1769901993342,1
179201677,26.53,0.4,1769901993471,0
179201678,26.531,0.4,1769901993472,0
179201679,26.532,0.4,1769901993472,0
179201680,26.533,4.9,1769901993472,0
179201681,26.533,2.5,1769901993751,1
179201682,26.532,0.4,1769901993800,1
179201683,26.531,0.4,1769901993804,1
179201684,26.53,0.4,1769901993806,1
179201685,26.529,0.4,1769901993846,1
179201686,26.528,0.7,1769901993929,1
179201687,26.527,1.2,1769901993929,1
179201688,26.526,0.6,1769901994067,1
179201689,26.525,0.4,1769901994067,1
179201690,26.525,0.2,1769901994100,0
179201691,26.524,16.2,1769901994182,1
179201692,26.523,1.1,1769901994183,1
179201693,26.522,0.4,1769901994185,1
179201694,26.521,1.1,1769901994185,1
179201695,26.52,1.8,1769901994185,1
179201696,26.52,0.4,1769901994193,0
179201697,26.519,9.9,1769901994245,1
179201698,26.518,0.7,1769901994247,1
179201699,26.517,1.1,1769901994247,1
179201700,26.516,0.4,1769901994247,1
179201701,26.515,0.4,1769901994247,1
179201702,26.515,2.4,1769901994345,0
179201703,26.516,0.4,1769901994355,0
179201704,26.517,0.4,1769901994357,0
179201705,26.518,0.4,1769901994359,0
179201706,26.519,0.4,1769901994361,0
179201707,26.518,0.4,1769901994698,1
179201708,26.517,0.4,1769901994698,1
179201709,26.516,0.4,1769901994698,1
179201710,26.515,0.4,1769901994751,1
179201711,26.514,0.4,1769901994754,1
179201712,26.514,0.4,1769901994921,0
179201713,26.515,0.4,1769901994922,0
179201714,26.516,0.4,1769901995004,0
179201715,26.517,9.0,1769901995348,0
179201716,26.518,0.4,1769901995350,0
179201717,26.519,0.6,1769901995355,0
179201718,26.52,5.6,1769901995355,0
179201719,26.521,1.2,1769901995357,0
179201720,26.522,0.6,1769901995403,0
179201721,26.523,0.4,1769901995403,0
179201722,26.524,0.4,1769901995403,0
179201723,26.525,8.0,1769901995453,0
179201724,26.526,0.4,1769901995518,0
179201725,26.527,0.4,1769901995520,0
179201726,26.528,0.9,1769901995520,0
179201727,26.529,0.4,1769901995586,0
179201728,26.53,0.4,1769901995597,0
179201729,26.531,1.1,1769901995597,0
179201730,26.532,29.2,1769901995597,0
179201731,26.533,1.8,1769901995597,0
179201732,26.534,1.2,1769901995599,0
179201733,26.534,15.2,1769901995675,1
179201734,26.533,1.6,1769901995675,1
179201735,26.535,10.6,1769901995678,0
179201736,26.534,0.4,1769901996065,1
179201737,26.533,0.4,1769901996067,1
179201738,26.533,0.2,1769901996092,0
179201739,26.532,0.4,1769901996135,1
179201740,26.531,0.4,1769901996135,1
179201741,26.53,0.4,1769901996135,1
179201742,26.529,1.1,1769901996135,1
179201743,26.528,1.2,1769901996217,1
179201744,26.529,0.4,1769901996873,0
179201745,26.53,0.4,1769901996877,0
179201746,26.529,2.4,1769901996877,1
179201747,26.53,1.5,1769901996877,0
179201748,26.531,0.4,1769901996877,0
179201749,26.531,18.7,1769901996973,1
179201750,26.53,8.5,1769901996973,1
179201751,26.529,22.6,1769901996973,1
179201752,26.528,11.1,1769901996973,1
179201753,26.527,0.4,1769901996975,1
179201754,26.526,0.4,1769901997055,1
179201755,26.525,14.0,1769901997195,1
179201756,26.524,0.7,1769901997245,1
179201757,26.523,1.1,1769901997247,1
179201758,26.521,0.4,1769901997319,1
179201759,26.52,1.4,1769901997319,1
179201760,26.519,0.4,1769901997319,1
179201761,26.518,0.4,1769901997319,1
179201762,26.517,1.1,1769901997319,1
179201763,26.516,2.8,1769901997319,1
179201764,26.515,0.4,1769901997319,1
179201765,26.514,1.1,1769901997319,1
179201766,26.513,0.4,1769901997319,1
179201767,26.512,0.7,1769901997319,1
179201768,26.511,6.1,1769901997319,1
179201769,26.51,0.4,1769901997319,1
179201770,26.509,4.1,1769901997319,1
179201771,26.512,2.4,1769901997322,0
179201772,26.514,1.9,1769901997326,0
179201773,26.517,4.4,1769901997330,0
179201774,26.515,0.4,1769901997702,1
179201775,26.514,0.4,1769901997719,1
179201776,26.512,0.4,1769901997723,1
179201777,26.512,3.0,1769901997732,0
179201778,26.511,0.4,1769901997806,1
179201779,26.511,12.0,1769901997821,0
179201780,26.51,0.4,1769901997964,1
179201781,26.509,0.4,1769901997967,1
179201782,26.507,4.8,1769901998005,0
179201783,26.508,0.4,1769901998009,0
179201784,26.509,0.4,1769901998011,0
179201785,26.512,0.4,1769901998255,0
179201786,26.513,0.4,1769901998255,0
179201787,26.514,5.6,1769901998255,0
179201788,26.515,8.1,1769901998255,0
179201789,26.516,6.7,1769901998255,0
179201790,26.517,30.8,1769901998255,0
179201791,26.518,0.4,1769901998255,0
179201792,26.519,5.6,1769901998255,0
179201793,26.52,4.7,1769901998256,0
179201794,26.521,5.4,1769901998256,0
179201795,26.522,1.9,1769901998256,0
179201796,26.523,0.4,1769901998257,0
179201797,26.524,0.4,1769901998257,0
179201798,26.525,17.5,1769901998263,0
179201799,26.526,0.6,1769901998263,0
179201800,26.527,0.6,1769901998264,0
179201801,26.528,0.6,1769901998265,0
179201802,26.526,3.9,1769901998314,1
179201803,26.525,1.7,1769901998314,1
179201804,26.524,2.0,1769901998314,1
179201805,26.523,0.5,1769901998314,1
179201806,26.527,3.0,1769901998358,0
179201807,26.528,3.8,1769901998358,0
179201808,26.529,0.4,1769901998434,0
179201809,26.53,5.4,1769901998434,0
179201810,26.531,1.1,1769901998434,0
179201811,26.532,0.6,1769901998434,0
179201812,26.533,6.3,1769901998434,0
179201813,26.534,27.4,1769901998434,0
179201814,26.532,2.5,1769901998561,1
179201815,26.531,0.4,1769901998568,1
179201816,26.53,0.4,1769901998568,1
179201817,26.529,0.4,1769901998570,1
179201818,26.528,1.2,1769901998601,1
179201819,26.527,0.4,1769901998601,1
179201820,26.527,4.8,1769901998836,0
179201821,26.528,0.4,1769901998845,0
179201822,26.529,0.4,1769901998845,0
179201823,26.53,0.4,1769901998870,0
179201824,26.531,1.1,1769901998870,0
179201825,26.532,1.0,1769901998941,0
179201826,26.533,0.4,1769901998973,0
179201827,26.534,1.1,1769901998973,0
179201828,26.534,2.9,1769901998994,1
179201829,26.533,0.4,1769901998998,1
179201830,26.532,0.4,1769901998998,1
179201831,26.532,5.8,1769901999002,0
179201832,26.531,0.4,1769901999076,1
179201833,26.53,0.4,1769901999079,1
179201834,26.529,0.4,1769901999094,1
179201835,26.528,0.4,1769901999096,1
179201836,26.527,1.2,1769901999099,1
179201837,26.526,0.4,1769901999258,1
179201838,26.525,0.4,1769901999265,1
179201839,26.523,0.7,1769901999267,1
179201840,26.524,0.4,1769901999615,0
179201841,26.525,0.4,1769901999615,0
179201842,26.526,8.0,1769901999618,0
179201843,26.526,8.5,1769902000063,0
179201844,26.526,0.2,1769902000333,1
179201845,26.526,0.6,1769902000470,1
179201846,26.527,26.2,1769902000597,0
179201847,26.528,4.6,1769902000600,0
179201848,26.529,0.4,1769902000600,0
179201849,26.53,0.4,1769902000643,0
179201850,26.531,0.4,1769902000645,0
179201851,26.532,0.9,1769902000650,0
179201852,26.533,3.7,1769902000660,0
179201853,26.534,0.4,1769902000677,0
179201854,26.535,0.4,1769902000677,0
179201855,26.536,5.6,1769902000677,0
179201856,26.537,6.1,1769902000678,0
179201857,26.537,3.2,1769902000818,1
179201858,26.536,0.4,1769902000977,1
179201859,26.535,0.4,1769902000978,1
179201860,26.534,0.7,1769902001070,0
179201861,26.534,15.7,1769902001366,0
179201862,26.535,0.5,1769902001370,0
179201863,26.536,0.4,1769902001374,0
179201864,26.537,44.6,1769902001374,0
179201865,26.538,14.5,1769902001415,0
179201866,26.539,170.2,1769902001415,0
179201867,26.54,1.6,1769902001416,0
179201868,26.541,5.4,1769902001416,0
179201869,26.542,0.4,1769902001416,0
179201870,26.543,31.1,1769902001416,0
179201871,26.544,4.2,1769902001418,0
179201872,26.545,2.3,1769902001422,0
179201873,26.546,5.7,1769902001426,0
179201874,26.547,10.6,1769902001461,0
179201875,26.548,0.7,1769902001461,0
179201876,26.549,26.8,1769902001461,0
179201877,26.55,0.6,1769902001461,0
179201878,26.551,0.4,1769902001464,0
179201879,26.552,0.7,1769902001491,0
179201880,26.553,0.6,1769902001491,0
179201881,26.554,0.6,1769902001491,0
179201882,26.555,30.0,1769902001491,0
179201883,26.556,0.7,1769902001598,0
179201884,26.557,1.5,1769902001598,0
179201885,26.558,0.8,1769902001615,0
179201886,26.559,0.6,1769902001615,0
179201887,26.56,8.2,1769902001617,0
179201888,26.56,7.2,1769902001661,1
179201889,26.559,0.3,1769902001690,0
179201890,26.558,6.7,1769902001755,1
179201891,26.557,0.4,1769902001755,1
179201892,26.556,3.7,1769902001755,1
179201893,26.555,3.2,1769902001755,1
179201894,26.554,1.2,1769902001755,1
179201895,26.558,4.0,1769902001776,0
179201896,26.559,3.6,1769902001801,1
179201897,26.558,10.6,1769902001801,1
179201898,26.557,6.8,1769902001801,1
179201899,26.558,0.4,1769902001970,1
179201900,26.558,0.2,1769902002115,0
179201901,26.557,0.4,1769902002159,1
179201902,26.556,0.4,1769902002160,1
179201903,26.555,1.1,1769902002160,1
179201904,26.556,10.6,1769902002360,0
179201905,26.557,10.5,1769902002360,0
179201906,26.558,2.9,1769902002362,0
179201907,26.559,22.4,1769902002364,0
179201908,26.56,0.4,1769902002665,0
179201909,26.561,4.2,1769902002665,0
179201910,26.562,8.2,1769902002665,0
179201911,26.563,0.4,1769902002670,0
179201912,26.564,3.5,1769902002673,0
179201913,26.563,30.8,1769902002676,1
179201914,26.562,21.8,1769902002676,1
179201915,26.561,2.8,1769902002700,1
179201916,26.559,4.7,1769902002700,1
179201917,26.558,4.4,1769902002700,1
179201918,26.557,4.4,1769902002700,1
179201919,26.556,1.1,1769902002701,1
179201920,26.555,6.4,1769902002703,1
179201921,26.554,0.6,1769902002704,1
179201922,26.553,7.0,1769902002704,1
179201923,26.552,0.4,1769902002771,1
179201924,26.551,0.4,1769902002772,1
179201925,26.55,0.7,1769902002772,1
179201926,26.549,1.2,1769902002773,1
179201927,26.548,0.4,1769902002857,1
179201928,26.548,0.2,1769902003101,0
179201929,26.548,11.6,1769902003623,0
179201930,26.549,0.4,1769902003713,0
179201931,26.55,0.4,1769902003713,0
179201932,26.551,0.4,1769902003713,0
179201933,26.552,5.5,1769902003713,0
179201934,26.553,3.7,1769902003716,0
179201935,26.554,0.4,1769902003722,0
179201936,26.555,0.4,1769902003724,0
179201937,26.556,0.4,1769902003737,0
179201938,26.557,36.7,1769902003779,0
179201939,26.558,1.1,1769902003783,0
179201940,26.559,0.4,1769902003783,0
179201941,26.56,6.1,1769902003858,0
179201942,26.561,1.1,1769902003859,0
179201943,26.561,2.1,1769902004032,1
179201944,26.56,2.5,1769902004092,1
179201945,26.559,2.5,1769902004092,1
179201946,26.558,0.4,1769902004092,1
179201947,26.557,2.9,1769902004092,1
179201948,26.556,6.1,1769902004092,1
179201949,26.555,3.2,1769902004092,1
179201950,26.554,2.5,1769902004092,1
179201951,26.553,2.5,1769902004092,1
179201952,26.552,6.1,1769902004092,1
179201953,26.551,31.5,1769902004092,1
179201954,26.553,1.7,1769902004321,0
179201955,26.554,3.2,1769902004321,0
179201956,26.555,1.2,1769902004321,0
179201957,26.556,1.7,1769902004321,0
179201958,26.558,15.6,1769902004321,0
179201959,26.559,0.3,1769902004321,0
179201960,26.552,1.0,1769902004361,1
179201961,26.553,0.2,1769902004448,0
179201962,26.552,3.3,1769902004497,1
179201963,26.551,0.4,1769902004661,1
179201964,26.55,0.4,1769902004661,1
179201965,26.549,0.8,1769902004661,1
179201966,26.548,0.4,1769902004661,1
179201967,26.547,1.1,1769902004661,1
179201968,26.546,0.9,1769902004665,1
179201969,26.545,0.8,1769902004736,1
179201970,26.544,0.5,1769902004736,1
179201971,26.541,0.4,1769902004812,1
179201972,26.54,0.4,1769902004815,1
179201973,26.539,0.2,1769902005103,0
179201974,26.54,0.4,1769902005131,0
179201975,26.541,0.4,1769902005136,0
179201976,26.542,0.4,1769902005138,0
179201977,26.542,2.0,1769902005195,1
179201978,26.542,0.1,1769902005303,0
179201979,26.541,0.4,1769902005371,1
179201980,26.54,0.4,1769902005455,1
179201981,26.539,0.4,1769902005617,1
179201982,26.539,4.8,1769902005843,0
179201983,26.54,0.4,1769902005847,0
179201984,26.541,0.4,1769902006057,0
179201985,26.542,0.4,1769902006057,0
179201986,26.543,2.5,1769902006057,0
179201987,26.544,0.6,1769902006095,0
179201988,26.545,0.4,1769902006095,0
179201989,26.546,1.5,1769902006095,0
179201990,26.547,0.4,1769902006095,0
179201991,26.548,0.9,1769902006095,0
179201992,26.549,1.1,1769902006096,0
179201993,26.55,3.0,1769902006097,0
179201994,26.551,4.8,1769902006097,0
179201995,26.552,11.1,1769902006098,0
179201996,26.553,4.5,1769902006099,0
179201997,26.554,0.4,1769902006099,0
179201998,26.555,1.1,1769902006099,0
179201999,26.556,0.4,1769902006099,0
179202000,26.557,2.6,1769902006099,0
179202001,26.558,1.1,1769902006099,0
179202002,26.559,0.4,1769902006100,0
179202003,26.56,1.8,1769902006100,0
179202004,26.561,5.5,1769902006101,0
179202005,26.562,10.3,1769902006101,0
179202006,26.563,0.4,1769902006101,0
179202007,26.564,3.4,1769902006101,0
179202008,26.565,12.0,1769902006101,0
179202009,26.566,21.9,1769902006101,0
179202010,26.562,2.4,1769902006103,0
179202011,26.567,19.9,1769902006105,0
179202012,26.568,9.5,1769902006105,0
179202013,26.569,0.4,1769902006110,0
179202014,26.57,4.9,1769902006110,0
179202015,26.569,25.8,1769902006117,1
179202016,26.568,2.7,1769902006120,1
179202017,26.565,0.4,1769902006122,1
179202018,26.564,0.4,1769902006122,1
179202019,26.563,21.3,1769902006140,0
179202020,26.565,1.5,1769902006142,0
179202021,26.567,9.4,1769902006144,0
179202022,26.568,5.6,1769902006144,0
179202023,26.569,13.6,1769902006144,0
179202024,26.57,25.6,1769902006144,0
179202025,26.571,3.7,1769902006144,0
179202026,26.572,24.1,1769902006144,0
179202027,26.573,5.8,1769902006144,0
179202028,26.574,0.6,1769902006144,0
179202029,26.575,3.8,1769902006149,0
179202030,26.575,7.3,1769902006163,1
179202031,26.574,0.4,1769902006163,1
179202032,26.573,0.4,1769902006163,1
179202033,26.572,4.9,1769902006163,1
179202034,26.572,7.4,1769902006169,0
179202035,26.575,3.0,1769902006173,0
179202036,26.574,3.2,1769902006174,0
179202037,26.576,0.9,1769902006174,0
179202038,26.575,1.9,1769902006175,0
179202039,26.577,12.1,1769902006176,0
179202040,26.578,5.2,1769902006178,0
179202041,26.579,1.3,1769902006178,0
179202042,26.58,4.0,1769902006178,0
179202043,26.581,0.4,1769902006178,0
179202044,26.582,8.5,1769902006178,0
179202045,26.583,3.3,1769902006178,0
179202046,26.584,7.2,1769902006178,0
179202047,26.585,20.0,1769902006178,0
179202048,26.579,0.4,1769902006186,1
179202049,26.578,0.5,1769902006197,1
179202050,26.577,1.2,1769902006197,1
179202051,26.573,6.1,1769902006199,1
179202052,26.573,2.4,1769902006203,0
179202053,26.575,6.3,1769902006203,0
179202054,26.576,18.0,1769902006203,0
179202055,26.577,2.9,1769902006203,0
179202056,26.573,4.1,1769902006205,0
179202057,26.575,1.6,1769902006206,0
179202058,26.576,2.5,1769902006206,0
179202059,26.573,4.0,1769902006209,0
179202060,26.574,4.3,1769902006209,0
179202061,26.573,9.3,1769902006216,1
179202062,26.572,6.2,1769902006216,1
179202063,26.571,6.1,1769902006216,1
179202064,26.57,4.4,1769902006216,1
179202065,26.569,2.1,1769902006217,1
179202066,26.568,5.3,1769902006217,1
179202067,26.567,1.7,1769902006217,1
179202068,26.565,20.1,1769902006217,1
179202069,26.564,3.8,1769902006217,1
179202070,26.563,4.4,1769902006217,1
179202071,26.562,1.3,1769902006217,1
179202072,26.57,3.8,1769902006225,0
179202073,26.571,0.3,1769902006226,0
179202074,26.572,2.4,1769902006226,0
179202075,26.572,2.7,1769902006256,1
179202076,26.568,0.4,1769902006262,1
179202077,26.567,0.4,1769902006264,1
179202078,26.567,4.4,1769902006266,0
179202079,26.568,2.8,1769902006269,0
179202080,26.569,2.8,1769902006271,0
179202081,26.57,2.4,1769902006272,0
179202082,26.571,2.1,1769902006273,0
179202083,26.573,2.8,1769902006273,0
179202084,26.574,10.5,1769902006273,0
179202085,26.575,7.2,1769902006273,0
179202086,26.576,23.3,1769902006273,0
179202087,26.577,0.4,1769902006283,0
179202088,26.578,4.4,1769902006334,0
179202089,26.579,4.7,1769902006393,0
179202090,26.579,9.0,1769902006474,1
179202091,26.578,0.4,1769902006486,1
179202092,26.578,2.4,1769902006504,0
179202093,26.579,0.4,1769902006505,0
179202094,26.579,8.9,1769902006513,1
179202095,26.578,3.4,1769902006513,1
179202096,26.58,9.3,1769902006517,0
179202097,26.58,9.5,1769902006787,1
179202098,26.579,3.5,1769902006787,1
179202099,26.578,2.4,1769902006787,1
179202100,26.577,0.2,1769902006792,1
179202101,26.578,2.4,1769902006804,0
179202102,26.578,0.5,1769902006843,1
179202103,26.578,2.4,1769902006883,0
179202104,26.579,15.2,1769902006933,0
179202105,26.58,0.4,1769902006957,0
179202106,26.581,0.4,1769902006984,0
179202107,26.582,1.1,1769902006984,0
179202108,26.583,0.4,1769902006984,0
179202109,26.584,2.9,1769902007017,0
179202110,26.583,11.9,1769902007126,1
179202111,26.582,0.4,1769902007126,1
179202112,26.581,0.4,1769902007128,1
179202113,26.58,0.4,1769902007132,1
179202114,26.579,0.4,1769902007134,1
179202115,26.578,2.1,1769902007134,1
179202116,26.579,1.6,1769902007188,0
179202117,26.577,0.2,1769902007193,1
179202118,26.576,0.4,1769902007215,1
179202119,26.575,0.4,1769902007215,1
179202120,26.573,0.4,1769902007216,1
179202121,26.572,0.4,1769902007218,1
179202122,26.571,1.9,1769902007218,1
179202123,26.57,0.8,1769902007219,1
179202124,26.569,0.2,1769902007219,1
179202125,26.571,1.1,1769902007220,1
179202126,26.572,6.4,1769902007248,0
179202127,26.573,0.4,1769902007256,0
179202128,26.574,0.4,1769902007256,0
179202129,26.576,4.9,1769902007258,0
179202130,26.577,16.1,1769902007272,0
179202131,26.578,4.3,1769902007272,0
179202132,26.579,3.2,1769902007272,0
179202133,26.58,2.8,1769902007272,0
179202134,26.581,0.4,1769902007272,0
179202135,26.582,3.4,1769902007272,0
179202136,26.583,5.2,1769902007272,0
179202137,26.584,26.0,1769902007272,0
179202138,26.585,23.0,1769902007272,0
179202139,26.586,57.0,1769902007272,0
179202140,26.587,0.4,1769902007272,0
179202141,26.588,22.5,1769902007272,0
179202142,26.589,2.8,1769902007272,0
179202143,26.59,0.4,1769902007275,0
179202144,26.591,11.8,1769902007275,0
179202145,26.592,0.7,1769902007275,0
179202146,26.593,4.4,1769902007275,0
179202147,26.594,14.6,1769902007275,0
179202148,26.593,2.4,1769902007276,1
179202149,26.592,2.0,1769902007276,1
179202150,26.591,2.4,1769902007276,1
179202151,26.59,2.7,1769902007276,1
179202152,26.589,11.0,1769902007276,1
179202153,26.587,2.9,1769902007276,1
179202154,26.586,5.0,1769902007276,1
179202155,26.585,5.0,1769902007276,1
179202156,26.584,4.8,1769902007276,1
179202157,26.583,5.6,1769902007276,1
179202158,26.582,2.4,1769902007276,1
179202159,26.595,7.6,1769902007277,0
179202160,26.596,0.4,1769902007278,0
179202161,26.594,2.9,1769902007279,1
179202162,26.592,8.7,1769902007283,0
179202163,26.59,0.4,1769902007284,1
179202164,26.592,3.1,1769902007284,0
179202165,26.591,2.4,1769902007284,0
179202166,26.592,5.5,1769902007284,0
179202167,26.591,7.4,1769902007287,0
179202168,26.59,3.0,1769902007287,1
179202169,26.587,3.1,1769902007333,1
179202170,26.586,0.5,1769902007333,1
179202171,26.585,0.7,1769902007333,1
179202172,26.584,0.4,1769902007335,1
179202173,26.585,0.4,1769902007337,1
179202174,26.584,1.0,1769902007337,1
179202175,26.581,0.3,1769902007345,0
179202176,26.582,13.1,1769902007345,0
179202177,26.583,3.1,1769902007345,0
179202178,26.585,7.4,1769902007352,1
179202179,26.584,1.2,1769902007364,1
179202180,26.585,8.6,1769902007371,0
179202181,26.585,0.4,1769902007583,1
179202182,26.584,0.4,1769902007624,1
179202183,26.583,0.4,1769902007624,1
179202184,26.582,0.4,1769902007624,1
179202185,26.581,0.9,1769902007624,1
179202186,26.581,9.7,1769902007691,0
179202187,26.582,0.4,1769902007856,0
179202188,26.583,0.4,1769902007856,0
179202189,26.584,0.4,1769902007856,0
179202190,26.585,1.1,1769902007856,0
179202191,26.586,0.4,1769902007859,0
179202192,26.587,2.6,1769902007859,0
179202193,26.587,0.3,1769902008042,0
179202194,26.588,1.9,1769902008042,0
179202195,26.589,0.4,1769902008042,0
179202196,26.59,0.4,1769902008042,0
179202197,26.591,1.1,1769902008042,0
179202198,26.592,5.3,1769902008042,0
179202199,26.593,0.4,1769902008042,0
179202200,26.594,9.5,1769902008042,0
179202201,26.594,0.8,1769902008046,1
179202202,26.593,2.5,1769902008046,1
179202203,26.591,3.4,1769902008053,1
179202204,26.59,0.4,1769902008146,1
179202205,26.589,13.8,1769902008146,1
179202206,26.588,0.4,1769902008211,1
179202207,26.587,0.4,1769902008211,1
179202208,26.586,1.1,1769902008212,1
179202209,26.585,0.4,1769902008212,1
179202210,26.584,0.8,1769902008212,1
179202211,26.583,20.6,1769902008212,1
179202212,26.582,0.4,1769902008212,1
179202213,26.581,5.3,1769902008212,1
179202214,26.58,2.0,1769902008218,1
179202215,26.579,0.8,1769902008231,1
179202216,26.578,0.4,1769902008233,1
179202217,26.577,0.4,1769902008235,1
179202218,26.577,7.4,1769902008242,0
179202219,26.58,8.0,1769902008686,0
179202220,26.581,4.4,1769902008686,0
179202221,26.582,4.4,1769902008686,0
179202222,26.583,0.4,1769902008686,0
179202223,26.584,5.6,1769902008686,0
179202224,26.585,6.0,1769902008686,0
179202225,26.586,0.4,1769902008686,0
179202226,26.587,9.6,1769902008686,0
179202227,26.588,0.8,1769902008686,0
179202228,26.589,16.2,1769902008686,0
179202229,26.59,0.4,1769902008688,0
179202230,26.591,6.8,1769902008688,0
179202231,26.592,13.8,1769902008688,0
179202232,26.593,8.4,1769902008688,0
179202233,26.594,16.2,1769902008688,0
179202234,26.595,4.2,1769902008688,0
179202235,26.596,19.5,1769902008688,0
179202236,26.597,12.9,1769902008690,0
179202237,26.598,12.0,1769902008690,0
179202238,26.599,0.4,1769902008691,0
179202239,26.6,241.7,1769902008693,0
179202240,26.601,0.4,1769902008694,0
179202241,26.602,5.7,1769902008694,0
179202242,26.603,1.4,1769902008694,0
179202243,26.604,5.4,1769902008694,0
179202244,26.604,0.4,1769902008698,1
179202245,26.605,26.4,1769902008887,0
179202246,26.606,0.6,1769902008887,0
179202247,26.607,10.5,1769902008888,0
179202248,26.608,4.2,1769902008888,0
179202249,26.609,6.1,1769902008889,0
179202250,26.61,6.0,1769902008889,0
179202251,26.605,2.3,1769902008890,1
179202252,26.611,1.2,1769902008909,0
179202253,26.61,0.6,1769902008973,1
179202254,26.611,1.3,1769902008996,1
179202255,26.61,3.3,1769902009063,1
179202256,26.609,0.4,1769902009063,1
179202257,26.608,0.4,1769902009064,1
179202258,26.607,1.1,1769902009064,1
179202259,26.61,2.0,1769902009253,0
179202260,26.611,13.0,1769902009259,0
179202261,26.61,4.9,1769902009359,1
179202262,26.61,4.5,1769902009639,1
179202263,26.61,6.4,1769902009755,1
179202264,26.611,0.2,1769902010094,0
179202265,26.61,24.1,1769902010127,1
179202266,26.609,6.3,1769902010132,1
179202267,26.608,7.4,1769902010132,1
179202268,26.607,3.8,1769902010499,1
179202269,26.608,16.7,1769902010512,1
179202270,26.607,6.9,1769902010512,1
179202271,26.606,0.4,1769902010512,1
179202272,26.605,7.2,1769902010512,1
179202273,26.604,1.1,1769902010512,1
179202274,26.603,3.5,1769902010512,1
179202275,26.602,2.6,1769902010512,1
179202276,26.601,6.2,1769902010512,1
179202277,26.6,2.1,1769902010512,1
179202278,26.599,14.3,1769902010512,1
179202279,26.598,5.5,1769902010512,1
179202280,26.597,7.5,1769902010512,1
179202281,26.596,36.4,1769902010512,1
179202282,26.595,1.1,1769902010512,1
179202283,26.594,7.0,1769902010512,1
179202284,26.593,9.1,1769902010512,1
179202285,26.599,2.8,1769902010523,0
179202286,26.605,2.9,1769902010576,1
179202287,26.602,0.4,1769902010583,1
179202288,26.606,0.4,1769902010722,0
179202289,26.607,0.4,1769902010722,0
179202290,26.608,5.3,1769902010722,0
179202291,26.609,0.4,1769902010722,0
179202292,26.61,2.9,1769902010722,0
179202293,26.611,18.4,1769902010722,0
179202294,26.61,2.9,1769902010894,1
179202295,26.609,0.4,1769902010894,1
179202296,26.608,0.4,1769902010894,1
179202297,26.607,0.5,1769902010894,1
179202298,26.609,0.6,1769902011120,0
179202299,26.608,2.5,1769902011190,1
179202300,26.607,0.4,1769902011190,1
179202301,26.606,0.6,1769902011190,1
179202302,26.606,4.0,1769902011200,0
179202303,26.607,4.0,1769902011200,0
179202304,26.608,18.0,1769902011200,0
179202305,26.609,45.6,1769902011200,0
179202306,26.61,3.6,1769902011200,0
179202307,26.611,1.7,1769902011200,0
179202308,26.608,0.8,1769902011202,0
179202309,26.612,1.6,1769902011277,0
179202310,26.613,1.6,1769902011277,0
179202311,26.614,7.3,1769902011655,0
179202312,26.612,0.4,1769902011956,1
179202313,26.611,0.4,1769902011958,1
179202314,26.61,0.4,1769902011996,1
179202315,26.609,0.4,1769902011996,1
179202316,26.608,0.4,1769902011996,1
179202317,26.607,1.8,1769902011996,1
179202318,26.608,5.8,1769902012007,0
179202319,26.61,17.0,1769902012007,0
179202320,26.611,10.2,1769902012038,1
179202321,26.61,9.5,1769902012038,1
179202322,26.61,0.2,1769902012087,0
179202323,26.61,3.1,1769902012370,0
179202324,26.61,9.2,1769902012425,1
179202325,26.609,6.9,1769902012425,1
179202326,26.608,4.4,1769902012425,1
179202327,26.607,2.4,1769902012425,1
179202328,26.606,5.2,1769902012425,1
179202329,26.605,8.5,1769902012425,1
179202330,26.604,5.1,1769902012425,1
179202331,26.603,9.0,1769902012425,1
179202332,26.602,6.0,1769902012425,1
179202333,26.601,7.8,1769902012425,1
179202334,26.6,9.4,1769902012425,1
179202335,26.599,7.7,1769902012425,1
179202336,26.598,7.3,1769902012425,1
179202337,26.597,14.6,1769902012425,1
179202338,26.596,23.7,1769902012425,1
179202339,26.595,3.8,1769902012425,1
179202340,26.594,15.0,1769902012425,1
179202341,26.593,12.8,1769902012425,1
179202342,26.592,6.6,1769902012425,1
179202343,26.607,8.5,1769902012427,1
179202344,26.602,4.0,1769902012428,1
179202345,26.601,11.2,1769902012457,0
179202346,26.602,10.8,1769902012472,0
179202347,26.603,6.8,1769902012497,1
179202348,26.602,3.4,1769902012497,1
179202349,26.601,3.8,1769902012497,1
179202350,26.6,3.7,1769902012497,1
179202351,26.599,0.4,1769902012498,1
179202352,26.598,0.4,1769902012498,1
179202353,26.597,7.4,1769902012498,1
179202354,26.596,4.8,1769902012498,1
179202355,26.595,4.1,1769902012498,1
179202356,26.594,0.3,1769902012500,1
179202357,26.595,7.7,1769902012502,0
179202358,26.599,3.8,1769902012583,0
179202359,26.6,0.4,1769902012603,0
179202360,26.601,0.4,1769902012603,0
179202361,26.603,25.8,1769902012606,0
179202362,26.604,0.4,1769902012608,0
179202363,26.606,0.4,1769902012636,0
179202364,26.607,0.4,1769902012636,0
179202365,26.608,1.4,1769902012638,0
179202366,26.609,0.4,1769902012683,0
179202367,26.61,0.2,1769902012683,0
179202368,26.611,27.2,1769902012683,0
179202369,26.612,1.1,1769902012683,0
179202370,26.61,0.4,1769902012685,0
179202371,26.613,1.7,1769902012685,0
179202372,26.614,28.6,1769902012686,0
179202373,26.613,0.4,1769902013009,1
179202374,26.612,0.4,1769902013011,1
179202375,26.611,0.4,1769902013011,1
179202376,26.61,0.4,1769902013011,1
179202377,26.609,0.4,1769902013011,1
179202378,26.608,2.5,1769902013011,1
179202379,26.607,2.4,1769902013639,1
179202380,26.606,0.4,1769902013644,1
179202381,26.605,1.7,1769902013645,1
179202382,26.604,2.4,1769902013727,0
179202383,26.605,0.4,1769902013733,0
179202384,26.606,0.4,1769902013733,0
179202385,26.607,0.4,1769902013814,0
179202386,26.608,24.9,1769902013814,0
179202387,26.609,0.4,1769902013816,0
179202388,26.61,1.2,1769902013897,0
179202389,26.61,6.7,1769902013956,1
179202390,26.609,0.4,1769902014141,1
179202391,26.608,0.4,1769902014143,1
179202392,26.608,4.7,1769902014144,0
179202393,26.609,0.4,1769902014745,0
179202394,26.61,0.4,1769902014745,0
179202395,26.611,34.1,1769902014745,0
179202396,26.612,3.3,1769902014769,0
179202397,26.611,6.7,1769902015022,1
179202398,26.61,4.4,1769902015022,1
179202399,26.609,0.4,1769902015022,1
179202400,26.608,4.5,1769902015022,1
179202401,26.607,5.1,1769902015022,1
179202402,26.606,0.4,1769902015022,1
179202403,26.605,3.3,1769902015022,1
179202404,26.604,7.3,1769902015022,1
179202405,26.603,14.9,1769902015022,1
179202406,26.605,3.4,1769902015032,0
179202407,26.606,3.4,1769902015055,0
179202408,26.607,1.1,1769902015060,0
179202409,26.606,0.4,1769902015148,1
179202410,26.605,0.4,1769902015148,1
179202411,26.604,0.4,1769902015148,1
179202412,26.603,0.4,1769902015148,1
179202413,26.602,7.5,1769902015148,1
179202414,26.601,1.8,1769902015162,1
179202415,26.6,0.7,1769902015162,1
179202416,26.609,0.4,1769902015162,0
179202417,26.61,1.2,1769902015162,0
179202418,26.611,4.8,1769902015162,0
179202419,26.612,11.4,1769902015162,0
179202420,26.604,3.4,1769902015165,1
179202421,26.599,4.3,1769902015184,1
179202422,26.608,2.2,1769902015186,0
179202423,26.61,1.6,1769902015186,0
179202424,26.611,0.4,1769902015186,0
179202425,26.612,23.6,1769902015186,0
179202426,26.613,9.2,1769902015193,0
179202427,26.614,8.0,1769902015193,0
179202428,26.607,5.2,1769902015198,0
179202429,26.61,18.4,1769902015222,0
179202430,26.612,0.4,1769902015222,0
179202431,26.614,9.4,1769902015222,0
179202432,26.598,0.6,1769902015483,1
179202433,26.597,0.4,1769902015484,1
179202434,26.596,1.0,1769902015490,1
179202435,26.595,0.8,1769902015496,1
179202436,26.594,0.9,1769902015500,1
179202437,26.594,9.7,1769902015523,0
179202438,26.595,12.5,1769902015523,0
179202439,26.596,12.2,1769902015523,0
179202440,26.597,6.8,1769902015523,0
179202441,26.598,9.2,1769902015523,0
179202442,26.599,9.2,1769902015523,0
179202443,26.6,15.5,1769902015523,0
179202444,26.601,0.4,1769902015523,0
179202445,26.602,16.1,1769902015523,0
179202446,26.603,15.2,1769902015523,0
179202447,26.604,5.6,1769902015523,0
179202448,26.605,28.2,1769902015523,0
179202449,26.606,16.8,1769902015523,0
179202450,26.607,41.3,1769902015523,0
179202451,26.608,5.5,1769902015523,0
179202452,26.609,10.1,1769902015523,0
179202453,26.61,5.4,1769902015523,0
179202454,26.611,5.7,1769902015523,0
179202455,26.601,0.7,1769902015567,0
179202456,26.603,0.4,1769902015574,0
179202457,26.604,0.4,1769902015574,0
179202458,26.602,0.4,1769902016050,1
179202459,26.601,0.4,1769902016052,1
179202460,26.6,0.4,1769902016054,1
179202461,26.599,0.4,1769902016070,1
179202462,26.598,0.4,1769902016075,1
179202463,26.597,0.8,1769902016093,1
179202464,26.596,0.4,1769902016155,1
179202465,26.595,1.5,1769902016155,1
179202466,26.594,0.4,1769902016235,1
179202467,26.593,0.6,1769902016241,1
179202468,26.592,1.0,1769902016242,1
179202469,26.593,5.0,1769902016417,0
179202470,26.592,0.3,1769902016492,1
179202471,26.592,6.3,1769902016526,0
179202472,26.591,5.6,1769902017094,1
179202473,26.59,0.4,1769902017177,1
179202474,26.589,1.1,1769902017183,1
179202475,26.588,8.8,1769902017183,1
179202476,26.587,0.4,1769902017221,1
179202477,26.586,1.7,1769902017221,1
179202478,26.585,0.7,1769902017305,1
179202479,26.584,0.2,1769902017452,1
179202480,26.584,2.4,1769902017919,1
179202481,26.583,0.4,1769902018059,1
179202482,26.582,0.4,1769902018060,1
179202483,26.58,4.2,1769902018156,1
179202484,26.579,9.9,1769902019055,1
179202485,26.578,0.4,1769902019057,1
179202486,26.577,1.1,1769902019057,1
179202487,26.576,19.5,1769902019075,1
179202488,26.575,0.4,1769902019100,1
179202489,26.574,0.4,1769902019207,1
179202490,26.573,1.5,1769902019208,1
179202491,26.572,0.7,1769902019264,1
179202492,26.571,8.2,1769902019264,1
179202493,26.57,0.1,1769902019276,1
179202494,26.571,4.8,1769902019421,0
179202495,26.572,0.4,1769902019423,0
179202496,26.573,22.4,1769902019424,0
179202497,26.574,0.4,1769902019494,0
179202498,26.575,0.4,1769902019499,0
179202499,26.577,0.4,1769902019499,0
179202500,26.578,0.4,1769902019499,0
179202501,26.579,1.1,1769902019499,0
179202502,26.58,21.8,1769902019666,0
179202503,26.579,0.6,1769902019931,1
179202504,26.579,9.1,1769902020250,1
179202505,26.578,0.4,1769902020250,1
179202506,26.577,0.4,1769902020251,1
179202507,26.576,0.4,1769902020251,1
179202508,26.575,0.4,1769902020252,1
179202509,26.575,11.5,1769902020279,0
179202510,26.576,3.1,1769902020279,0
179202511,26.577,8.4,1769902020279,0
179202512,26.578,3.2,1769902020279,0
179202513,26.579,18.8,1769902020279,0
179202514,26.58,20.1,1769902020279,0
179202515,26.579,16.9,1769902020312,1
179202516,26.576,0.4,1769902020331,1
179202517,26.575,0.4,1769902020333,1
179202518,26.574,1.1,1769902020335,1
179202519,26.573,19.4,1769902020352,1
179202520,26.572,0.4,1769902020396,1
179202521,26.571,1.2,1769902020401,1
179202522,26.57,0.3,1769902020403,1
179202523,26.569,0.2,1769902020408,1
179202524,26.568,6.8,1769902020554,1
179202525,26.567,0.4,1769902020554,1
179202526,26.566,4.6,1769902020554,1
179202527,26.565,3.5,1769902020591,1
179202528,26.564,0.7,1769902020607,1
179202529,26.563,0.4,1769902020607,1
179202530,26.562,8.5,1769902020607,1
179202531,26.562,0.1,1769902020717,1
179202532,26.561,0.4,1769902020717,1
179202533,26.56,1.4,1769902020717,1
179202534,26.559,8.0,1769902020717,1
179202535,26.559,4.3,1769902020887,0
179202536,26.56,0.4,1769902020964,0
179202537,26.561,0.4,1769902020964,0
179202538,26.562,1.9,1769902021072,1
179202539,26.561,0.4,1769902021077,1
179202540,26.56,0.4,1769902021077,1
179202541,26.559,1.1,1769902021077,1
179202542,26.558,0.8,1769902021079,1
179202543,26.557,0.4,1769902021082,1
179202544,26.557,5.7,1769902021139,0
179202545,26.556,0.4,1769902021223,1
179202546,26.555,0.6,1769902021223,1
179202547,26.556,3.8,1769902021235,0
179202548,26.555,0.2,1769902021361,1
179202549,26.554,0.4,1769902021363,1
179202550,26.553,2.6,1769902021363,1
179202551,26.552,19.9,1769902021363,1
179202552,26.551,0.4,1769902021367,1
179202553,26.55,1.3,1769902021368,1
179202554,26.549,1.2,1769902021368,1
179202555,26.548,0.6,1769902021420,1
179202556,26.549,11.5,1769902021460,0
179202557,26.548,3.5,1769902021522,1
179202558,26.549,6.6,1769902021525,0
179202559,26.548,10.6,1769902021528,1
179202560,26.547,3.3,1769902021529,1
179202561,26.546,59.5,1769902021529,1
179202562,26.545,0.8,1769902021529,1
179202563,26.544,1.4,1769902021529,1
179202564,26.543,8.4,1769902021529,1
179202565,26.542,1.0,1769902021529,1
179202566,26.541,6.6,1769902021529,1
179202567,26.54,5.4,1769902021529,1
179202568,26.539,12.9,1769902021529,1
179202569,26.538,6.1,1769902021529,1
179202570,26.537,24.0,1769902021529,1
179202571,26.536,1.1,1769902021529,1
179202572,26.535,6.4,1769902021529,1
179202573,26.55,0.4,1769902021529,0
179202574,26.551,1.0,1769902021529,0
179202575,26.545,0.3,1769902021531,1
179202576,26.543,4.4,1769902021551,0
179202577,26.542,2.7,1769902021597,1
179202578,26.541,0.4,1769902021606,1
179202579,26.54,0.4,1769902021641,1
179202580,26.539,0.4,1769902021643,1
179202581,26.536,0.4,1769902021663,1
179202582,26.535,0.7,1769902021663,1
179202583,26.534,1.1,1769902021663,1
179202584,26.533,1.1,1769902021663,1
179202585,26.532,25.9,1769902021663,1
179202586,26.531,4.1,1769902021664,1
179202587,26.53,3.7,1769902021664,1
179202588,26.529,1.1,1769902021664,1
179202589,26.529,2.8,1769902021675,0
179202590,26.532,5.0,1769902021757,0
179202591,26.533,0.4,1769902021817,0
179202592,26.534,0.4,1769902021819,0
179202593,26.535,0.4,1769902021838,0
179202594,26.536,5.8,1769902021838,0
179202595,26.537,0.4,1769902021841,0
179202596,26.538,5.4,1769902021841,0
179202597,26.539,0.4,1769902021893,0
179202598,26.54,1.1,1769902021893,0
179202599,26.541,13.1,1769902022056,1
179202600,26.541,2.4,1769902022109,0
179202601,26.54,0.4,1769902022338,1
179202602,26.539,0.4,1769902022341,1
179202603,26.538,0.4,1769902022343,1
179202604,26.537,0.4,1769902022343,1
179202605,26.536,0.4,1769902022677,1
179202606,26.535,0.4,1769902022679,1
179202607,26.533,0.4,1769902022712,1
179202608,26.532,0.4,1769902022717,1
179202609,26.531,0.4,1769902022717,1
179202610,26.53,0.4,1769902022731,1
179202611,26.529,0.4,1769902022733,1
179202612,26.528,12.4,1769902022837,1
179202613,26.527,1.2,1769902022839,1
179202614,26.526,0.7,1769902022839,1
179202615,26.527,26.0,1769902023234,0
179202616,26.528,0.4,1769902023282,0
179202617,26.529,13.7,1769902023317,0
179202618,26.53,0.4,1769902023318,0
179202619,26.531,5.1,1769902023318,0
179202620,26.531,0.4,1769902023639,1
179202621,26.532,0.4,1769902023726,0
179202622,26.533,5.4,1769902023729,0
179202623,26.534,1.1,1769902023732,0
179202624,26.535,0.4,1769902023774,0
179202625,26.536,6.9,1769902023799,0
179202626,26.535,15.8,1769902023810,1
179202627,26.536,4.0,1769902023839,1
179202628,26.534,0.4,1769902023843,1
179202629,26.533,4.4,1769902023844,1
179202630,26.532,0.4,1769902023857,1
179202631,26.531,1.6,1769902023859,1
179202632,26.53,0.4,1769902023859,1
179202633,26.529,0.4,1769902023890,1
179202634,26.528,0.4,1769902023893,1
179202635,26.527,1.4,1769902023894,1
179202636,26.526,0.3,1769902023927,1
179202637,26.528,0.4,1769902024103,0
179202638,26.529,0.4,1769902024103,0
179202639,26.53,3.7,1769902024103,0
179202640,26.531,0.4,1769902024105,0
179202641,26.532,0.4,1769902024153,0
179202642,26.533,1.6,1769902024153,0
179202643,26.535,3.5,1769902024827,0
179202644,26.537,8.0,1769902024845,0
179202645,26.538,0.6,1769902024847,0
179202646,26.539,1.0,1769902024851,0
179202647,26.54,0.4,1769902024853,0
179202648,26.541,4.2,1769902024873,0
179202649,26.542,0.4,1769902024873,0
179202650,26.543,1.1,1769902024873,0
179202651,26.542,0.4,1769902024902,1
179202652,26.541,0.6,1769902024953,1
179202653,26.54,0.1,1769902025205,0
179202654,26.541,0.4,1769902025312,0
179202655,26.542,4.4,1769902025396,0
179202656,26.543,4.4,1769902025396,0
179202657,26.544,5.5,1769902025478,0
179202658,26.545,3.6,1769902025558,0
179202659,26.546,5.9,1769902025583,0
179202660,26.547,3.6,1769902025927,0
179202661,26.548,3.6,1769902025934,0
179202662,26.549,1.1,1769902025934,0
179202663,26.55,0.4,1769902025934,0
179202664,26.551,0.4,1769902025934,0
179202665,26.552,12.8,1769902026003,0
179202666,26.553,3.9,1769902026012,0
179202667,26.554,3.2,1769902026028,0
179202668,26.555,3.6,1769902026054,0
179202669,26.556,0.4,1769902026054,0
179202670,26.555,0.4,1769902026149,1
179202671,26.554,4.0,1769902026149,1
179202672,26.553,0.4,1769902026149,1
179202673,26.552,0.4,1769902026149,1
179202674,26.551,24.0,1769902026151,1
179202675,26.55,20.5,1769902026152,1
179202676,26.549,1.4,1769902026152,1
179202677,26.548,0.4,1769902026152,1
179202678,26.547,1.1,1769902026152,1
179202679,26.546,0.4,1769902026152,1
179202680,26.545,1.7,1769902026153,1
179202681,26.544,1.3,1769902026154,1
179202682,26.543,0.4,1769902026154,1
179202683,26.544,1.2,1769902026160,0
179202684,26.542,0.4,1769902026251,1
179202685,26.541,1.1,1769902026251,1
179202686,26.542,0.4,1769902026280,0
179202687,26.543,0.4,1769902026283,0
179202688,26.544,0.4,1769902026288,0
179202689,26.545,0.4,1769902026290,0
179202690,26.544,0.4,1769902026422,1
179202691,26.543,0.4,1769902026424,1
179202692,26.543,2.0,1769902026459,0
179202693,26.542,3.7,1769902026667,1
179202694,26.542,0.7,1769902027390,0
179202695,26.542,14.0,1769902029052,1
179202696,26.541,18.0,1769902029053,1
179202697,26.54,0.4,1769902029053,1
179202698,26.539,0.4,1769902029060,1
179202699,26.538,0.4,1769902029109,1
