trade_id,price,qty,timestamp,is_buyer_maker
179300000,25.816,0.2,1769906264002,0
179300001,25.815,4.3,1769906264070,1
179300002,25.815,27.8,1769906264863,1
179300003,25.814,0.5,1769906264865,1
179300004,25.813,11.0,1769906264919,1
179300005,25.812,1.0,1769906264919,1
179300006,25.811,10.2,1769906264942,1
179300007,25.811,1.1,1769906265184,0
179300008,25.81,3.9,1769906265281,1
179300009,25.81,3.3,1769906265415,1
179300010,25.809,0.6,1769906265415,1
179300011,25.81,0.2,1769906266292,0
179300012,25.809,1.1,1769906266687,1
179300013,25.809,3.8,1769906266942,1
179300014,25.81,0.2,1769906267192,0
179300015,25.809,0.2,1769906267259,1
179300016,25.81,0.2,1769906267349,0
179300017,25.809,15.8,1769906267423,1
179300018,25.808,0.8,1769906267491,1
179300019,25.807,0.5,1769906267494,1
179300020,25.806,0.5,1769906267536,1
179300021,25.805,4.5,1769906267537,1
179300022,25.804,1.5,1769906267539,1
179300023,25.803,0.5,1769906267593,1
179300024,25.802,2.6,1769906267593,1
179300025,25.801,0.7,1769906267593,1
179300026,25.801,20.3,1769906267645,0
179300027,25.802,0.5,1769906267647,0
179300028,25.803,0.5,1769906267647,0
179300029,25.804,14.1,1769906267699,0
179300030,25.805,0.5,1769906267701,0
179300031,25.806,1.2,1769906267701,0
179300032,25.807,0.5,1769906267701,0
179300033,25.808,0.5,1769906267701,0
179300034,25.809,1.2,1769906267701,0
179300035,25.81,25.8,1769906267701,0
179300036,25.811,0.7,1769906267701,0
179300037,25.812,1.3,1769906267773,0
179300038,25.814,0.7,1769906267779,0
179300039,25.815,51.2,1769906267779,0
179300040,25.816,0.8,1769906267784,0
179300041,25.817,0.9,1769906267784,0
179300042,25.816,0.5,1769906267978,1
179300043,25.815,0.8,1769906267980,1
179300044,25.814,0.5,1769906267984,1
179300045,25.812,3.9,1769906268451,1
179300046,25.813,2.0,1769906268505,0
179300047,25.812,9.3,1769906268583,1
179300048,25.811,3.5,1769906268583,1
179300049,25.81,2.5,1769906268583,1
179300050,25.809,0.5,1769906268583,1
179300051,25.808,7.3,1769906268583,1
179300052,25.807,3.3,1769906268583,1
179300053,25.806,7.8,1769906268583,1
179300054,25.805,7.9,1769906268583,1
179300055,25.804,5.5,1769906268583,1
179300056,25.803,7.5,1769906268583,1
179300057,25.802,21.4,1769906268583,1
179300058,25.801,14.7,1769906268583,1
179300059,25.8,8.7,1769906268583,1
179300060,25.799,2.2,1769906268583,1
179300061,25.798,70.4,1769906268583,1
179300062,25.797,9.1,1769906268583,1
179300063,25.796,11.4,1769906268583,1
179300064,25.8,1.3,1769906268585,1
179300065,25.797,1.1,1769906268585,1
179300066,25.798,0.5,1769906268651,1
179300067,25.797,23.6,1769906268894,1
179300068,25.796,12.5,1769906268894,1
179300069,25.795,1.2,1769906268894,1
179300070,25.794,6.3,1769906268894,1
179300071,25.793,1.2,1769906268894,1
179300072,25.792,5.6,1769906268894,1
179300073,25.791,5.7,1769906268894,1
179300074,25.79,37.7,1769906268894,1
179300075,25.789,25.8,1769906268894,1
179300076,25.788,73.4,1769906268894,1
179300077,25.789,7.8,1769906268902,0
179300078,25.791,0.5,1769906268953,1
179300079,25.79,0.5,1769906269002,1
179300080,25.788,8.5,1769906269011,1
179300081,25.787,0.9,1769906269012,1
179300082,25.786,0.5,1769906269093,1
179300083,25.786,0.4,1769906269104,0
179300084,25.784,0.8,1769906269203,1
179300085,25.783,0.9,1769906269203,1
179300086,25.782,0.5,1769906269203,1
179300087,25.781,1.9,1769906269203,1
179300088,25.78,1.9,1769906269203,1
179300089,25.78,0.2,1769906269326,0
179300090,25.779,0.5,1769906269332,1
179300091,25.778,0.5,1769906269332,1
179300092,25.777,1.3,1769906269332,1
179300093,25.778,12.6,1769906269451,0
179300094,25.779,0.5,1769906269456,0
179300095,25.78,0.5,1769906269456,0
179300096,25.781,0.5,1769906269499,0
179300097,25.782,0.5,1769906269499,0
179300098,25.783,0.5,1769906269501,0
179300099,25.783,0.2,1769906269647,0
179300100,25.784,0.9,1769906269647,0
179300101,25.785,8.5,1769906269647,0
179300102,25.786,0.5,1769906269666,0
179300103,25.788,1.2,1769906269762,0
179300104,25.789,0.5,1769906269762,0
179300105,25.789,5.3,1769906269836,1
179300106,25.788,0.5,1769906269840,1
179300107,25.784,0.5,1769906269909,1
179300108,25.782,0.5,1769906269963,1
179300109,25.78,14.1,1769906270164,1
179300110,25.781,14.9,1769906270677,0
179300111,25.78,5.0,1769906271049,1
179300112,25.779,0.5,1769906271061,1
179300113,25.778,0.5,1769906271063,1
179300114,25.777,0.5,1769906271112,1
179300115,25.776,25.4,1769906271178,1
179300116,25.775,1.8,1769906271180,1
179300117,25.774,1.2,1769906271180,1
179300118,25.773,1.3,1769906271181,1
179300119,25.772,1.9,1769906271181,1
179300120,25.771,4.2,1769906271181,1
179300121,25.77,0.7,1769906271183,1
179300122,25.769,4.0,1769906271192,1
179300123,25.768,0.6,1769906271192,1
179300124,25.769,0.6,1769906271194,0
179300125,25.768,3.9,1769906271478,1
179300126,25.769,2.5,1769906271755,0
179300127,25.77,5.7,1769906271755,0
179300128,25.77,1.3,1769906272056,0
179300129,25.771,0.5,1769906272057,0
179300130,25.773,0.5,1769906272110,0
179300131,25.774,0.6,1769906272114,0
179300132,25.775,0.5,1769906272116,0
179300133,25.776,0.5,1769906272531,0
179300134,25.779,9.0,1769906272574,0
179300135,25.78,0.5,1769906272606,0
179300136,25.781,9.7,1769906272606,0
179300137,25.782,1.2,1769906272607,0
179300138,25.782,0.2,1769906272847,0
179300139,25.782,10.7,1769906273134,0
179300140,25.783,12.3,1769906273134,0
179300141,25.784,3.5,1769906273134,0
179300142,25.785,2.4,1769906273134,0
179300143,25.786,0.9,1769906273134,0
179300144,25.787,7.2,1769906273134,0
179300145,25.788,3.0,1769906273134,0
179300146,25.789,3.7,1769906273134,0
179300147,25.785,0.3,1769906273136,0
179300148,25.786,2.4,1769906273143,0
179300149,25.787,1.8,1769906273143,0
179300150,25.788,4.8,1769906273143,0
179300151,25.789,2.0,1769906273143,0
179300152,25.79,40.3,1769906273143,0
179300153,25.791,1.6,1769906273143,0
179300154,25.792,5.8,1769906273143,0
179300155,25.793,0.5,1769906273143,0
179300156,25.794,1.4,1769906273143,0
179300157,25.795,8.3,1769906273143,0
179300158,25.796,12.3,1769906273143,0
179300159,25.797,23.1,1769906273143,0
179300160,25.798,3.2,1769906273143,0
179300161,25.8,0.3,1769906273226,0
179300162,25.798,0.5,1769906273270,1
179300163,25.797,0.5,1769906273275,1
179300164,25.795,0.5,1769906273279,1
179300165,25.794,1.3,1769906273283,1
179300166,25.793,0.5,1769906273286,1
179300167,25.792,0.5,1769906273353,1
179300168,25.79,0.5,1769906273353,1
179300169,25.789,0.5,1769906273641,1
179300170,25.787,1.1,1769906273765,1
179300171,25.785,0.5,1769906273772,1
179300172,25.785,0.2,1769906274003,0
179300173,25.784,3.9,1769906274511,1
179300174,25.784,0.3,1769906274623,1
179300175,25.784,7.4,1769906274929,1
179300176,25.783,6.4,1769906274929,1
179300177,25.782,3.5,1769906274929,1
179300178,25.781,8.4,1769906274929,1
179300179,25.78,1.9,1769906274929,1
179300180,25.779,1.0,1769906274929,1
179300181,25.778,6.6,1769906274929,1
179300182,25.777,1.4,1769906274929,1
179300183,25.776,5.7,1769906274929,1
179300184,25.775,4.9,1769906274929,1
179300185,25.774,28.0,1769906274929,1
179300186,25.773,10.8,1769906274929,1
179300187,25.772,0.7,1769906274929,1
179300188,25.771,13.6,1769906274929,1
179300189,25.77,5.6,1769906274929,1
179300190,25.769,2.8,1769906274929,1
179300191,25.768,9.4,1769906274929,1
179300192,25.767,12.1,1769906274929,1
179300193,25.766,3.0,1769906274929,1
179300194,25.765,10.5,1769906274929,1
179300195,25.764,7.5,1769906274929,1
179300196,25.763,19.1,1769906274929,1
179300197,25.762,13.6,1769906274929,1
179300198,25.761,18.1,1769906274929,1
179300199,25.76,10.8,1769906274929,1
179300200,25.759,8.3,1769906274929,1
179300201,25.758,11.0,1769906274929,1
179300202,25.757,17.1,1769906274929,1
179300203,25.756,108.3,1769906274929,1
179300204,25.755,6.2,1769906274931,1
179300205,25.754,5.7,1769906274931,1
179300206,25.753,0.5,1769906274931,1
179300207,25.752,13.9,1769906274931,1
179300208,25.751,0.5,1769906274932,1
179300209,25.75,2.2,1769906274932,1
179300210,25.749,5.6,1769906274932,1
179300211,25.748,0.8,1769906274932,1
179300212,25.747,2.9,1769906274932,1
179300213,25.746,7.9,1769906274932,1
179300214,25.745,3.6,1769906274932,1
179300215,25.744,1.5,1769906274932,1
179300216,25.743,0.7,1769906274932,1
179300217,25.742,0.5,1769906274932,1
179300218,25.741,1.9,1769906274932,1
179300219,25.74,6.1,1769906274932,1
179300220,25.739,0.7,1769906274932,1
179300221,25.738,2.0,1769906274933,1
179300222,25.737,23.6,1769906274933,1
179300223,25.742,2.4,1769906274934,0
179300224,25.745,2.4,1769906274934,0
179300225,25.748,3.6,1769906274934,0
179300226,25.746,7.9,1769906274935,1
179300227,25.738,1.5,1769906274935,1
179300228,25.736,2.0,1769906274935,1
179300229,25.735,2.4,1769906274935,1
179300230,25.734,6.2,1769906274936,1
179300231,25.738,1.2,1769906274936,1
179300232,25.736,1.2,1769906274936,1
179300233,25.734,0.9,1769906274936,1
179300234,25.741,0.8,1769906274937,0
179300235,25.742,0.4,1769906274937,0
179300236,25.742,0.3,1769906274938,1
179300237,25.743,0.3,1769906274938,0
179300238,25.744,2.8,1769906274938,0
179300239,25.747,41.5,1769906274943,0
179300240,25.747,0.4,1769906274945,1
179300241,25.748,2.9,1769906274949,0
179300242,25.749,11.7,1769906274958,0
179300243,25.748,9.1,1769906274961,0
179300244,25.749,4.6,1769906274977,0
179300245,25.752,1.4,1769906274980,0
179300246,25.751,5.7,1769906274989,1
179300247,25.749,0.5,1769906274995,1
179300248,25.748,0.5,1769906274998,1
179300249,25.747,0.4,1769906275000,1
179300250,25.746,0.5,1769906275001,1
179300251,25.745,0.5,1769906275001,1
179300252,25.743,10.6,1769906275047,0
179300253,25.744,5.7,1769906275048,0
179300254,25.743,0.5,1769906275106,1
179300255,25.742,0.5,1769906275106,1
179300256,25.741,0.5,1769906275108,1
179300257,25.74,0.5,1769906275178,1
179300258,25.738,0.7,1769906275181,1
179300259,25.738,0.9,1769906275205,0
179300260,25.739,0.5,1769906275348,0
179300261,25.738,2.7,1769906275463,1
179300262,25.737,0.5,1769906275465,1
179300263,25.736,13.1,1769906275645,1
179300264,25.735,1.2,1769906275645,1
179300265,25.734,0.5,1769906275647,1
179300266,25.733,1.2,1769906275652,1
179300267,25.734,0.8,1769906275655,0
179300268,25.733,5.8,1769906275718,1
179300269,25.732,15.7,1769906275784,1
179300270,25.731,3.6,1769906275785,1
179300271,25.73,17.7,1769906275785,1
179300272,25.729,3.2,1769906275796,1
179300273,25.728,0.3,1769906275796,1
179300274,25.729,4.3,1769906275801,0
179300275,25.728,3.8,1769906275899,1
179300276,25.728,2.9,1769906275974,0
179300277,25.728,0.5,1769906276153,0
179300278,25.729,0.5,1769906276154,0
179300279,25.729,0.6,1769906276159,1
179300280,25.73,12.6,1769906276165,0
179300281,25.73,16.2,1769906276280,1
179300282,25.729,10.1,1769906276280,1
179300283,25.728,18.2,1769906276280,1
179300284,25.727,27.1,1769906276280,1
179300285,25.726,4.2,1769906276280,1
179300286,25.725,4.1,1769906276280,1
179300287,25.724,1.6,1769906276282,1
179300288,25.723,12.8,1769906276282,1
179300289,25.722,0.5,1769906276282,1
179300290,25.721,0.8,1769906276282,1
179300291,25.72,1.7,1769906276282,1
179300292,25.719,0.5,1769906276282,1
179300293,25.718,35.7,1769906276282,1
179300294,25.717,59.3,1769906276282,1
179300295,25.716,24.7,1769906276282,1
179300296,25.715,1.7,1769906276284,1
179300297,25.714,5.4,1769906276284,1
179300298,25.713,0.3,1769906276284,1
179300299,25.714,32.2,1769906276284,0
179300300,25.713,4.8,1769906276285,1
179300301,25.712,21.8,1769906276285,1
179300302,25.711,7.2,1769906276285,1
179300303,25.71,8.0,1769906276285,1
179300304,25.709,0.5,1769906276286,1
179300305,25.708,6.1,1769906276286,1
179300306,25.707,3.5,1769906276286,1
179300307,25.706,12.7,1769906276286,1
179300308,25.71,2.4,1769906276287,0
179300309,25.709,8.5,1769906276287,1
179300310,25.707,12.5,1769906276287,1
179300311,25.705,1.2,1769906276287,1
179300312,25.704,3.8,1769906276287,1
179300313,25.709,5.4,1769906276288,1
179300314,25.705,1.9,1769906276288,1
179300315,25.703,2.4,1769906276288,1
179300316,25.702,7.9,1769906276290,1
179300317,25.701,10.7,1769906276290,1
179300318,25.7,35.4,1769906276290,1
179300319,25.708,0.4,1769906276290,0
179300320,25.7,46.4,1769906276290,1
179300321,25.699,1.4,1769906276290,1
179300322,25.698,1.9,1769906276291,1
179300323,25.697,1.4,1769906276291,1
179300324,25.696,1.5,1769906276291,1
179300325,25.695,4.9,1769906276291,1
179300326,25.694,0.8,1769906276291,1
179300327,25.704,5.2,1769906276292,1
179300328,25.703,2.4,1769906276292,1
179300329,25.702,2.6,1769906276292,1
179300330,25.695,12.5,1769906276292,1
179300331,25.693,25.6,1769906276292,1
179300332,25.692,2.0,1769906276292,1
179300333,25.691,1.7,1769906276292,1
179300334,25.69,0.3,1769906276293,1
179300335,25.696,2.7,1769906276301,1
179300336,25.695,2.2,1769906276301,1
179300337,25.696,5.2,1769906276305,1
179300338,25.693,0.7,1769906276330,1
179300339,25.691,1.8,1769906276330,1
179300340,25.69,3.2,1769906276330,1
179300341,25.689,2.2,1769906276330,1
179300342,25.689,8.9,1769906276334,0
179300343,25.688,10.2,1769906276357,1
179300344,25.687,2.5,1769906276359,1
179300345,25.688,10.2,1769906276360,0
179300346,25.687,9.5,1769906276363,1
179300347,25.686,0.5,1769906276363,1
179300348,25.685,0.7,1769906276365,1
179300349,25.685,12.2,1769906276375,0
179300350,25.686,0.5,1769906276423,0
179300351,25.687,5.4,1769906276426,0
179300352,25.688,1.1,1769906276430,0
179300353,25.689,0.5,1769906276433,0
179300354,25.69,4.9,1769906276499,0
179300355,25.691,0.5,1769906276499,0
179300356,25.692,0.5,1769906276499,0
179300357,25.693,5.6,1769906276499,0
179300358,25.694,0.5,1769906276508,0
179300359,25.695,0.9,1769906276508,0
179300360,25.696,0.5,1769906276508,0
179300361,25.697,5.4,1769906276508,0
179300362,25.698,0.7,1769906276508,0
179300363,25.699,0.5,1769906276508,0
179300364,25.7,0.5,1769906276508,0
179300365,25.697,0.8,1769906276512,0
179300366,25.698,13.8,1769906276677,0
179300367,25.698,13.8,1769906276973,0
179300368,25.699,5.6,1769906276973,0
179300369,25.7,1.3,1769906276973,0
179300370,25.701,2.4,1769906276973,0
179300371,25.702,3.8,1769906277068,0
179300372,25.701,1.3,1769906277169,1
179300373,25.702,4.6,1769906277295,0
179300374,25.702,0.3,1769906277460,0
179300375,25.701,10.3,1769906277531,1
179300376,25.702,0.4,1769906277567,0
179300377,25.701,2.9,1769906277844,1
179300378,25.701,1.9,1769906278011,1
179300379,25.701,3.9,1769906278091,0
179300380,25.7,10.2,1769906278106,1
179300381,25.699,0.5,1769906278109,1
179300382,25.698,1.6,1769906278138,1
179300383,25.698,14.2,1769906278420,1
179300384,25.697,14.8,1769906278438,1
179300385,25.696,1.2,1769906278440,1
179300386,25.696,0.3,1769906278818,0
179300387,25.697,0.5,1769906279024,0
179300388,25.699,2.1,1769906279034,0
179300389,25.7,0.8,1769906279115,0
179300390,25.701,0.5,1769906279117,0
179300391,25.701,5.4,1769906279119,1
179300392,25.7,18.7,1769906279119,1
179300393,25.699,10.4,1769906279119,1
179300394,25.698,3.5,1769906279125,1
179300395,25.697,0.5,1769906279127,1
179300396,25.696,23.9,1769906279453,1
179300397,25.695,0.5,1769906279456,1
179300398,25.694,0.5,1769906279457,1
179300399,25.693,1.2,1769906279457,1
179300400,25.692,0.5,1769906279498,1
179300401,25.69,0.5,1769906279564,1
179300402,25.689,3.6,1769906279564,1
179300403,25.688,0.5,1769906279567,1
179300404,25.687,1.2,1769906279567,1
179300405,25.687,6.6,1769906279582,0
179300406,25.687,15.5,1769906279810,0
179300407,25.687,11.0,1769906279922,0
179300408,25.688,0.5,1769906280048,0
179300409,25.689,0.5,1769906280048,0
179300410,25.69,0.5,1769906280048,0
179300411,25.691,2.9,1769906280048,0
179300412,25.692,5.6,1769906280048,0
179300413,25.693,18.3,1769906280048,0
179300414,25.694,24.2,1769906280048,0
179300415,25.695,14.1,1769906280048,0
179300416,25.696,38.2,1769906280048,0
179300417,25.697,77.1,1769906280048,0
179300418,25.698,1.2,1769906280048,0
179300419,25.699,5.7,1769906280048,0
179300420,25.7,1.3,1769906280048,0
179300421,25.701,6.1,1769906280048,0
179300422,25.702,3.0,1769906280048,0
179300423,25.703,0.7,1769906280048,0
179300424,25.704,20.7,1769906280048,0
179300425,25.705,5.1,1769906280048,0
179300426,25.699,1.7,1769906280050,0
179300427,25.704,0.5,1769906280152,1
179300428,25.701,0.5,1769906280162,1
179300429,25.7,0.5,1769906280162,1
179300430,25.702,5.9,1769906280187,0
179300431,25.703,0.5,1769906280379,0
179300432,25.704,3.2,1769906280379,0
179300433,25.703,8.2,1769906280394,1
179300434,25.702,3.0,1769906280394,1
179300435,25.701,4.7,1769906280394,1
179300436,25.7,3.5,1769906280394,1
179300437,25.699,4.2,1769906280400,1
179300438,25.698,0.5,1769906280400,1
179300439,25.697,0.5,1769906280400,1
179300440,25.696,8.2,1769906280400,1
179300441,25.701,0.3,1769906280461,0
179300442,25.702,0.5,1769906280461,0
179300443,25.703,0.5,1769906280461,0
179300444,25.703,5.4,1769906280513,1
179300445,25.704,0.3,1769906280513,0
179300446,25.705,0.3,1769906280513,0
179300447,25.703,2.1,1769906280516,1
179300448,25.701,14.3,1769906280523,1
179300449,25.7,1.6,1769906280523,1
179300450,25.699,0.5,1769906280556,1
179300451,25.698,2.5,1769906280556,1
179300452,25.697,0.9,1769906280556,1
179300453,25.7,1.2,1769906280578,0
179300454,25.701,10.9,1769906280578,0
179300455,25.702,5.3,1769906280578,0
179300456,25.703,5.8,1769906280578,0
179300457,25.704,11.6,1769906280578,0
179300458,25.705,7.9,1769906280578,0
179300459,25.706,6.6,1769906280578,0
179300460,25.707,1.2,1769906280578,0
179300461,25.708,3.4,1769906280578,0
179300462,25.698,6.0,1769906280581,0
179300463,25.7,1.1,1769906280585,1
179300464,25.701,0.5,1769906280585,0
179300465,25.708,0.1,1769906280605,0
179300466,25.709,9.5,1769906280650,0
179300467,25.71,1.2,1769906280650,0
179300468,25.711,4.3,1769906280650,0
179300469,25.712,5.9,1769906280650,0
179300470,25.713,2.8,1769906280650,0
179300471,25.714,23.1,1769906280650,0
179300472,25.715,0.5,1769906280650,0
179300473,25.716,6.1,1769906280650,0
179300474,25.717,5.1,1769906280650,0
179300475,25.718,5.9,1769906280650,0
179300476,25.719,11.8,1769906280650,0
179300477,25.72,24.9,1769906280650,0
179300478,25.721,9.6,1769906280650,0
179300479,25.722,4.7,1769906280650,0
179300480,25.723,3.7,1769906280650,0
179300481,25.719,0.3,1769906280653,0
179300482,25.717,3.0,1769906280767,1
179300483,25.716,0.8,1769906280775,1
179300484,25.719,1.3,1769906280903,0
179300485,25.72,2.2,1769906280954,1
179300486,25.718,2.5,1769906281013,1
179300487,25.719,1.8,1769906281037,1
179300488,25.718,0.8,1769906281037,1
179300489,25.721,1.2,1769906281040,0
179300490,25.718,0.4,1769906281055,1
179300491,25.719,0.4,1769906281115,0
179300492,25.719,1.8,1769906281132,1
179300493,25.718,1.3,1769906281165,1
179300494,25.717,0.5,1769906281168,1
179300495,25.716,0.5,1769906281204,1
179300496,25.715,0.5,1769906281260,1
179300497,25.714,0.3,1769906281269,1
179300498,25.715,9.0,1769906281570,0
179300499,25.716,0.5,1769906281573,0
179300500,25.716,2.0,1769906281603,1
179300501,25.715,0.7,1769906281603,1
179300502,25.713,0.5,1769906281711,1
179300503,25.711,1.3,1769906281781,1
179300504,25.709,0.5,1769906281872,1
179300505,25.708,0.5,1769906282028,1
179300506,25.707,5.0,1769906282120,0
179300507,25.706,2.2,1769906282151,1
179300508,25.705,1.2,1769906282152,1
179300509,25.704,0.2,1769906282152,1
179300510,25.706,0.5,1769906282230,0
179300511,25.707,19.9,1769906282230,0
179300512,25.708,0.5,1769906282230,0
179300513,25.709,33.8,1769906282285,0
179300514,25.71,0.5,1769906282291,0
179300515,25.711,0.5,1769906282292,0
179300516,25.712,0.5,1769906282297,0
179300517,25.715,0.5,1769906282390,0
179300518,25.716,3.2,1769906282392,0
179300519,25.717,0.7,1769906282394,0
179300520,25.718,0.7,1769906282396,0
179300521,25.719,22.0,1769906282417,0
179300522,25.72,0.5,1769906282419,0
179300523,25.721,4.3,1769906282421,0
179300524,25.722,0.5,1769906282428,0
179300525,25.723,0.5,1769906282428,0
179300526,25.724,1.5,1769906282497,0
179300527,25.726,11.1,1769906282614,0
179300528,25.727,0.5,1769906282617,0
179300529,25.728,2.2,1769906282805,0
179300530,25.728,8.0,1769906282833,1
179300531,25.728,3.9,1769906282937,1
179300532,25.729,0.9,1769906282976,0
179300533,25.73,0.9,1769906282976,0
179300534,25.731,2.0,1769906282976,0
179300535,25.732,0.5,1769906283029,0
179300536,25.734,0.5,1769906283041,0
179300537,25.735,0.5,1769906283041,0
179300538,25.736,1.2,1769906283041,0
179300539,25.737,0.5,1769906283046,0
179300540,25.738,8.6,1769906283050,1
179300541,25.739,0.2,1769906283197,0
179300542,25.739,0.3,1769906283530,0
179300543,25.74,0.5,1769906283581,0
179300544,25.741,23.4,1769906283581,0
179300545,25.742,2.6,1769906283582,0
179300546,25.742,4.1,1769906283597,1
179300547,25.742,7.4,1769906284028,1
179300548,25.741,0.5,1769906284081,1
179300549,25.741,6.6,1769906284083,0
179300550,25.742,4.7,1769906284083,0
179300551,25.742,5.0,1769906284143,1
179300552,25.743,0.4,1769906284246,0
179300553,25.742,0.3,1769906284506,1
179300554,25.743,52.7,1769906284918,0
179300555,25.744,0.8,1769906284919,0
179300556,25.745,2.9,1769906284921,0
179300557,25.746,11.0,1769906284921,0
179300558,25.747,0.5,1769906284921,0
179300559,25.748,0.9,1769906284991,0
179300560,25.749,13.5,1769906285166,0
179300561,25.75,3.5,1769906285166,0
179300562,25.751,3.5,1769906285166,0
179300563,25.752,1.5,1769906285166,0
179300564,25.753,6.6,1769906285166,0
179300565,25.754,1.6,1769906285166,0
179300566,25.755,7.3,1769906285166,0
179300567,25.756,2.9,1769906285166,0
179300568,25.757,12.5,1769906285166,0
179300569,25.758,1.6,1769906285166,0
179300570,25.759,6.6,1769906285166,0
179300571,25.76,5.3,1769906285166,0
179300572,25.761,8.9,1769906285166,0
179300573,25.762,16.1,1769906285166,0
179300574,25.763,19.3,1769906285166,0
179300575,25.764,11.1,1769906285166,0
179300576,25.761,0.3,1769906285168,0
179300577,25.758,0.4,1769906285179,1
179300578,25.765,0.5,1769906285200,0
179300579,25.766,0.3,1769906285200,0
179300580,25.764,1.2,1769906285437,1
179300581,25.763,0.5,1769906285441,1
179300582,25.762,0.5,1769906285445,1
179300583,25.762,0.4,1769906285492,0
179300584,25.761,0.5,1769906285492,1
179300585,25.759,0.6,1769906285530,1
179300586,25.758,0.5,1769906285593,1
179300587,25.756,0.7,1769906285593,1
179300588,25.755,1.3,1769906285595,1
179300589,25.754,0.5,1769906285598,1
179300590,25.753,0.8,1769906285821,1
179300591,25.752,1.1,1769906285821,1
179300592,25.751,0.5,1769906285889,1
179300593,25.75,0.5,1769906285889,1
179300594,25.749,0.5,1769906285889,1
179300595,25.748,0.5,1769906285909,1
179300596,25.747,1.2,1769906285909,1
179300597,25.746,3.5,1769906285909,1
179300598,25.745,0.5,1769906286055,1
179300599,25.744,0.3,1769906286100,1
179300600,25.743,5.2,1769906286100,1
179300601,25.742,4.7,1769906286155,1
179300602,25.741,0.8,1769906286158,1
179300603,25.74,10.1,1769906286160,1
179300604,25.739,0.5,1769906286206,1
179300605,25.738,2.3,1769906286206,1
179300606,25.737,1.2,1769906286206,1
179300607,25.736,6.6,1769906286206,1
179300608,25.735,2.4,1769906286206,1
179300609,25.734,13.3,1769906286206,1
179300610,25.733,7.0,1769906286206,1
179300611,25.732,3.0,1769906286206,1
179300612,25.731,4.1,1769906286206,1
179300613,25.73,2.8,1769906286206,1
179300614,25.729,4.0,1769906286206,1
179300615,25.728,2.4,1769906286206,1
179300616,25.727,10.4,1769906286206,1
179300617,25.726,14.6,1769906286206,1
179300618,25.725,3.7,1769906286206,1
179300619,25.724,6.1,1769906286206,1
179300620,25.723,1.2,1769906286206,1
179300621,25.722,6.6,1769906286206,1
179300622,25.721,2.8,1769906286206,1
179300623,25.72,3.2,1769906286206,1
179300624,25.719,5.4,1769906286208,1
179300625,25.718,0.5,1769906286208,1
179300626,25.717,5.6,1769906286208,1
179300627,25.716,3.7,1769906286208,1
179300628,25.716,2.4,1769906286224,0
179300629,25.717,5.4,1769906286225,0
179300630,25.721,0.7,1769906286227,0
179300631,25.722,1.5,1769906286227,0
179300632,25.723,1.1,1769906286227,0
179300633,25.72,4.7,1769906286238,1
179300634,25.719,6.0,1769906286238,1
179300635,25.721,7.7,1769906286248,1
179300636,25.724,11.3,1769906286434,0
179300637,25.725,1.2,1769906286434,0
179300638,25.726,2.7,1769906286434,0
179300639,25.727,0.5,1769906286434,0
179300640,25.728,3.5,1769906286434,0
179300641,25.729,1.7,1769906286434,0
179300642,25.73,29.9,1769906286434,0
179300643,25.731,4.7,1769906286434,0
179300644,25.732,6.9,1769906286434,0
179300645,25.724,0.6,1769906286487,0
179300646,25.723,4.4,1769906286549,1
179300647,25.722,0.5,1769906286585,1
179300648,25.721,0.5,1769906286587,1
179300649,25.72,0.5,1769906286643,1
179300650,25.718,0.5,1769906286643,1
179300651,25.717,1.2,1769906286643,1
179300652,25.716,0.5,1769906286643,1
179300653,25.715,0.5,1769906286643,1
179300654,25.714,0.7,1769906286643,1
179300655,25.719,3.0,1769906286925,1
179300656,25.718,0.5,1769906286925,1
179300657,25.717,0.5,1769906286926,1
179300658,25.716,0.5,1769906286928,1
179300659,25.715,6.0,1769906286978,1
179300660,25.714,8.3,1769906287057,1
179300661,25.713,1.1,1769906287057,1
179300662,25.712,1.0,1769906287094,1
179300663,25.711,1.3,1769906287135,1
179300664,25.71,1.2,1769906287179,1
179300665,25.709,0.5,1769906287181,1
179300666,25.708,1.2,1769906287181,1
179300667,25.709,2.4,1769906287262,0
179300668,25.71,0.5,1769906287265,0
179300669,25.711,0.5,1769906287271,0
179300670,25.712,0.5,1769906287271,0
179300671,25.713,0.5,1769906287273,0
179300672,25.714,0.5,1769906287273,0
179300673,25.715,19.9,1769906287277,0
179300674,25.715,0.7,1769906287513,1
179300675,25.716,0.6,1769906287560,0
179300676,25.714,15.8,1769906288043,1
179300677,25.714,10.8,1769906288131,0
179300678,25.714,0.6,1769906288663,0
179300679,25.714,3.6,1769906288916,0
179300680,25.713,2.9,1769906288929,1
179300681,25.713,4.9,1769906288998,0
179300682,25.712,3.0,1769906289673,1
179300683,25.711,0.9,1769906289673,1
179300684,25.712,0.6,1769906289693,0
179300685,25.713,47.1,1769906289702,0
179300686,25.714,12.3,1769906289704,0
179300687,25.715,7.6,1769906289704,0
179300688,25.716,8.7,1769906289705,0
179300689,25.717,1.8,1769906289706,0
179300690,25.718,0.5,1769906289713,0
179300691,25.719,31.1,1769906289715,0
179300692,25.72,20.6,1769906289778,0
179300693,25.721,0.5,1769906289782,0
179300694,25.722,1.2,1769906289782,0
179300695,25.722,28.0,1769906289793,1
179300696,25.721,12.6,1769906289793,1
179300697,25.72,9.4,1769906289793,1
179300698,25.721,0.5,1769906290068,1
179300699,25.719,6.8,1769906290446,1
179300700,25.719,0.2,1769906290620,1
179300701,25.72,0.5,1769906290700,0
179300702,25.721,24.2,1769906290806,1
179300703,25.72,30.0,1769906290806,1
179300704,25.719,15.3,1769906290806,1
179300705,25.718,11.3,1769906290806,1
179300706,25.717,6.1,1769906290806,1
179300707,25.716,0.5,1769906290806,1
179300708,25.715,9.4,1769906290806,1
179300709,25.714,5.4,1769906290806,1
179300710,25.717,0.5,1769906290810,0
179300711,25.715,10.9,1769906291051,1
179300712,25.714,0.5,1769906291054,1
179300713,25.713,0.5,1769906291054,1
179300714,25.712,10.2,1769906291126,1
179300715,25.711,1.3,1769906291138,1
179300716,25.71,2.4,1769906291296,0
179300717,25.71,0.3,1769906291985,0
179300718,25.709,47.6,1769906292270,1
179300719,25.708,2.5,1769906292273,1
179300720,25.707,0.5,1769906292273,1
179300721,25.706,2.9,1769906292273,1
179300722,25.706,0.4,1769906292282,0
179300723,25.705,10.4,1769906292374,1
179300724,25.704,0.6,1769906292374,1
179300725,25.703,0.5,1769906292376,1
179300726,25.702,3.0,1769906292376,1
179300727,25.701,6.0,1769906292376,1
179300728,25.701,15.6,1769906292389,0
179300729,25.702,4.9,1769906292391,0
179300730,25.703,4.9,1769906292391,0
179300731,25.704,4.9,1769906292391,0
179300732,25.706,11.3,1769906292394,0
179300733,25.707,0.5,1769906292401,0
179300734,25.708,0.5,1769906292402,0
179300735,25.709,0.5,1769906292403,0
179300736,25.71,63.0,1769906292404,0
179300737,25.711,0.5,1769906292407,0
179300738,25.712,0.7,1769906292411,0
179300739,25.713,0.5,1769906292415,0
179300740,25.714,5.4,1769906292526,0
179300741,25.715,0.2,1769906292526,0
179300742,25.716,1.4,1769906292526,0
179300743,25.717,0.5,1769906292526,0
179300744,25.718,0.5,1769906292526,0
179300745,25.719,1.4,1769906292526,0
179300746,25.72,3.2,1769906292526,0
179300747,25.721,28.4,1769906292526,0
179300748,25.722,1.2,1769906292526,0
179300749,25.723,6.4,1769906292526,0
179300750,25.724,1.5,1769906292526,0
179300751,25.725,6.1,1769906292526,0
179300752,25.726,1.4,1769906292526,0
179300753,25.727,25.2,1769906292526,0
179300754,25.728,8.2,1769906292526,0
179300755,25.729,1.6,1769906292526,0
179300756,25.73,16.0,1769906292526,0
179300757,25.731,7.9,1769906292526,0
179300758,25.724,0.8,1769906292528,0
179300759,25.727,0.2,1769906292621,0
179300760,25.726,0.5,1769906292641,1
179300761,25.723,0.5,1769906292701,1
179300762,25.721,0.5,1769906292701,1
179300763,25.72,1.2,1769906292701,1
179300764,25.719,1.7,1769906292701,1
179300765,25.719,1.3,1769906292847,1
179300766,25.717,4.2,1769906292847,1
179300767,25.716,0.5,1769906292847,1
179300768,25.715,0.7,1769906292847,1
179300769,25.714,9.1,1769906292847,1
179300770,25.715,2.4,1769906292917,0
179300771,25.714,10.6,1769906293304,1
179300772,25.713,0.5,1769906293304,1
179300773,25.712,15.4,1769906293304,1
179300774,25.711,2.0,1769906293304,1
179300775,25.71,0.5,1769906293519,1
179300776,25.708,0.5,1769906293586,1
179300777,25.707,0.8,1769906293594,1
179300778,25.707,3.3,1769906293693,0
179300779,25.708,0.5,1769906293768,0
179300780,25.71,1.2,1769906293768,0
179300781,25.711,20.3,1769906293768,0
179300782,25.712,21.9,1769906293768,0
179300783,25.713,1.2,1769906293768,0
179300784,25.714,2.3,1769906293768,0
179300785,25.715,54.3,1769906293768,0
179300786,25.716,1.4,1769906293768,0
179300787,25.717,5.6,1769906293768,0
179300788,25.718,0.7,1769906293768,0
179300789,25.719,20.6,1769906293768,0
179300790,25.72,0.7,1769906293768,0
179300791,25.721,3.1,1769906293768,0
179300792,25.721,0.7,1769906294066,1
179300793,25.72,0.5,1769906294071,1
179300794,25.719,0.5,1769906294073,1
179300795,25.718,0.5,1769906294073,1
179300796,25.717,1.2,1769906294075,1
179300797,25.716,0.5,1769906294283,1
179300798,25.715,0.5,1769906294283,1
179300799,25.714,2.0,1769906294283,1
179300800,25.713,0.5,1769906294284,1
179300801,25.712,0.5,1769906294357,1
179300802,25.711,1.9,1769906294357,1
179300803,25.71,0.5,1769906294525,1
179300804,25.709,0.3,1769906294525,1
179300805,25.709,9.0,1769906294913,1
179300806,25.708,4.2,1769906294913,1
179300807,25.707,1.3,1769906294913,1
179300808,25.707,1.8,1769906294917,0
179300809,25.708,0.6,1769906294917,0
179300810,25.706,1.2,1769906295638,1
179300811,25.706,4.9,1769906295645,0
179300812,25.705,3.9,1769906295736,1
179300813,25.705,6.9,1769906296066,1
179300814,25.704,0.8,1769906296070,1
179300815,25.703,0.5,1769906296070,1
179300816,25.702,1.2,1769906296138,1
179300817,25.701,0.5,1769906296143,1
179300818,25.701,15.2,1769906296341,0
179300819,25.702,0.5,1769906296442,0
179300820,25.704,0.5,1769906296443,0
179300821,25.705,0.5,1769906296445,0
179300822,25.706,69.3,1769906296445,0
179300823,25.706,0.7,1769906296553,1
179300824,25.707,0.8,1769906296581,0
179300825,25.708,1.1,1769906296581,0
179300826,25.707,1.7,1769906296669,0
179300827,25.706,0.5,1769906296690,1
179300828,25.705,0.5,1769906296690,1
179300829,25.704,0.5,1769906296690,1
179300830,25.703,22.9,1769906296690,1
179300831,25.702,11.6,1769906296690,1
179300832,25.701,11.8,1769906296690,1
179300833,25.7,11.6,1769906296690,1
179300834,25.699,3.0,1769906296690,1
179300835,25.698,14.3,1769906296690,1
179300836,25.697,18.4,1769906296691,1
179300837,25.696,14.9,1769906296691,1
179300838,25.696,10.2,1769906296780,0
179300839,25.697,3.5,1769906296780,0
179300840,25.698,3.5,1769906296780,0
179300841,25.7,2.6,1769906296780,0
179300842,25.701,5.3,1769906296780,0
179300843,25.702,6.9,1769906296780,0
179300844,25.703,12.8,1769906296780,0
179300845,25.704,7.6,1769906296780,0
179300846,25.705,1.6,1769906296780,0
179300847,25.706,17.1,1769906296780,0
179300848,25.707,6.2,1769906296780,0
179300849,25.708,2.2,1769906296780,0
179300850,25.709,8.0,1769906296780,0
179300851,25.71,3.8,1769906296780,0
179300852,25.711,44.9,1769906296780,0
179300853,25.712,20.2,1769906296780,0
179300854,25.713,1.2,1769906296780,0
179300855,25.714,7.1,1769906296780,0
179300856,25.715,15.0,1769906296780,0
179300857,25.716,58.6,1769906296780,0
179300858,25.717,49.8,1769906296780,0
179300859,25.718,12.5,1769906296780,0
179300860,25.719,23.6,1769906296780,0
179300861,25.72,51.3,1769906296780,0
179300862,25.721,10.3,1769906296780,0
179300863,25.704,4.9,1769906296782,0
179300864,25.711,0.9,1769906296819,0
179300865,25.712,1.3,1769906296819,0
179300866,25.719,0.4,1769906296868,0
179300867,25.718,2.4,1769906296973,1
179300868,25.718,14.6,1769906296992,0
179300869,25.717,1.6,1769906297046,1
179300870,25.715,0.5,1769906297195,1
179300871,25.714,16.1,1769906297229,0
179300872,25.714,8.9,1769906297515,0
179300873,25.715,9.4,1769906297549,0
179300874,25.716,1.1,1769906297550,0
179300875,25.716,0.3,1769906297607,1
179300876,25.716,1.6,1769906298071,1
179300877,25.716,1.8,1769906298254,0
179300878,25.717,2.9,1769906298749,0
179300879,25.716,3.9,1769906298766,1
179300880,25.716,9.7,1769906299029,1
179300881,25.715,8.2,1769906299029,1
179300882,25.714,3.5,1769906299029,1
179300883,25.713,0.7,1769906299036,1
179300884,25.714,12.6,1769906299547,0
179300885,25.715,0.5,1769906299547,0
179300886,25.716,3.5,1769906299547,0
179300887,25.717,22.1,1769906299547,0
179300888,25.718,3.5,1769906299549,0
179300889,25.719,10.9,1769906299549,0
179300890,25.72,0.5,1769906299549,0
179300891,25.721,8.9,1769906299549,0
179300892,25.722,1.2,1769906299619,0
179300893,25.723,1.2,1769906299623,0
179300894,25.724,0.3,1769906299633,0
179300895,25.726,0.5,1769906299803,0
179300896,25.728,0.3,1769906299890,0
179300897,25.729,0.9,1769906299896,0
179300898,25.731,0.5,1769906299967,0
179300899,25.732,0.6,1769906299967,0
179300900,25.731,3.2,1769906300038,1
179300901,25.731,38.8,1769906300174,1
179300902,25.732,1.3,1769906300537,0
179300903,25.733,5.7,1769906300537,0
179300904,25.734,1.2,1769906300537,0
179300905,25.735,0.5,1769906300537,0
179300906,25.736,0.8,1769906300539,0
179300907,25.737,1.6,1769906300539,0
179300908,25.738,0.5,1769906300539,0
179300909,25.739,1.1,1769906300574,0
179300910,25.74,1.9,1769906300574,0
179300911,25.741,0.7,1769906300574,0
179300912,25.742,1.2,1769906300574,0
179300913,25.743,1.2,1769906300574,0
179300914,25.744,2.6,1769906300574,0
179300915,25.741,1.6,1769906300616,1
179300916,25.738,0.5,1769906300690,1
179300917,25.736,0.5,1769906300690,1
179300918,25.735,1.4,1769906300690,1
179300919,25.734,3.9,1769906301799,1
179300920,25.734,7.1,1769906302137,1
179300921,25.733,1.3,1769906302140,1
179300922,25.732,0.9,1769906302245,1
179300923,25.729,0.5,1769906302291,1
179300924,25.729,0.7,1769906302472,0
179300925,25.73,8.3,1769906302472,0
179300926,25.731,0.5,1769906302472,0
179300927,25.732,1.8,1769906302472,0
179300928,25.733,0.5,1769906302472,0
179300929,25.734,1.2,1769906302472,0
179300930,25.735,14.6,1769906302472,0
179300931,25.736,24.8,1769906302472,0
179300932,25.737,1.2,1769906302472,0
179300933,25.738,1.4,1769906302472,0
179300934,25.739,5.6,1769906302472,0
179300935,25.74,1.6,1769906302472,0
179300936,25.741,18.1,1769906302472,0
179300937,25.742,4.5,1769906302474,0
179300938,25.743,3.6,1769906302474,0
179300939,25.744,0.7,1769906302475,0
179300940,25.745,6.2,1769906302476,0
179300941,25.744,2.6,1769906302479,0
179300942,25.745,17.6,1769906302500,1
179300943,25.744,9.5,1769906302503,1
179300944,25.743,2.5,1769906302503,1
179300945,25.744,3.1,1769906302505,0
179300946,25.745,2.6,1769906302505,0
179300947,25.744,1.3,1769906302506,0
179300948,25.745,16.3,1769906302506,0
179300949,25.746,13.2,1769906302508,0
179300950,25.747,1.5,1769906302508,0
179300951,25.748,3.2,1769906302508,0
179300952,25.749,1.2,1769906302508,0
179300953,25.75,1.5,1769906302510,0
179300954,25.751,0.8,1769906302511,0
179300955,25.752,2.5,1769906302512,0
179300956,25.753,2.1,1769906302512,0
179300957,25.754,11.1,1769906302512,0
179300958,25.755,7.7,1769906302513,0
179300959,25.756,1.1,1769906302528,0
179300960,25.757,2.2,1769906302530,0
179300961,25.758,17.6,1769906302530,0
179300962,25.759,37.5,1769906302530,0
179300963,25.76,194.8,1769906302533,0
179300964,25.761,1.6,1769906302533,0
179300965,25.762,0.5,1769906302533,0
179300966,25.763,0.5,1769906302533,0
179300967,25.764,1.2,1769906302533,0
179300968,25.765,0.5,1769906302534,0
179300969,25.766,4.3,1769906302534,0
179300970,25.767,2.4,1769906302534,0
179300971,25.764,4.8,1769906302534,1
179300972,25.767,2.6,1769906302534,0
179300973,25.768,6.1,1769906302534,0
179300974,25.769,8.8,1769906302535,0
179300975,25.77,13.2,1769906302535,0
179300976,25.771,3.5,1769906302535,0
179300977,25.772,0.3,1769906302536,0
179300978,25.768,4.9,1769906302549,1
179300979,25.765,14.6,1769906302558,1
179300980,25.767,9.6,1769906302579,0
179300981,25.768,9.6,1769906302579,0
179300982,25.77,5.2,1769906302581,0
179300983,25.771,0.5,1769906302584,0
179300984,25.772,1.4,1769906302586,0
179300985,25.772,19.4,1769906302612,1
179300986,25.769,4.9,1769906302617,1
179300987,25.767,0.5,1769906302618,1
179300988,25.767,2.4,1769906302625,0
179300989,25.768,1.1,1769906302628,0
179300990,25.769,1.0,1769906302630,0
179300991,25.771,18.9,1769906302638,1
179300992,25.769,4.9,1769906302669,1
179300993,25.767,5.4,1769906302675,1
179300994,25.767,0.8,1769906302765,0
179300995,25.766,5.4,1769906302834,1
179300996,25.767,1.0,1769906302906,1
179300997,25.767,4.9,1769906303040,1
179300998,25.767,5.6,1769906303149,1
179300999,25.766,0.5,1769906303156,1
179301000,25.765,0.5,1769906303156,1
179301001,25.766,2.4,1769906303183,0
179301002,25.767,0.5,1769906303186,0
179301003,25.768,11.3,1769906303186,0
179301004,25.768,0.2,1769906304290,1
179301005,25.769,18.9,1769906304376,0
179301006,25.77,1.2,1769906304376,0
179301007,25.771,0.5,1769906304376,0
179301008,25.772,3.2,1769906304376,0
179301009,25.773,2.4,1769906304376,0
179301010,25.774,3.9,1769906304376,0
179301011,25.775,37.3,1769906304376,0
179301012,25.776,1.9,1769906304376,0
179301013,25.777,0.5,1769906304376,0
179301014,25.778,4.4,1769906304376,0
179301015,25.779,11.1,1769906304376,0
179301016,25.78,3.3,1769906304376,0
179301017,25.781,7.8,1769906304376,0
179301018,25.782,0.6,1769906304376,0
179301019,25.777,4.6,1769906304402,1
179301020,25.776,4.6,1769906304416,1
179301021,25.775,7.6,1769906304457,0
179301022,25.776,7.3,1769906304457,0
179301023,25.777,0.5,1769906304459,0
179301024,25.778,0.5,1769906304464,0
179301025,25.779,0.5,1769906304469,0
179301026,25.78,0.5,1769906304471,0
179301027,25.781,0.5,1769906304475,0
179301028,25.782,2.4,1769906304480,0
179301029,25.782,0.4,1769906304491,1
179301030,25.783,3.7,1769906304494,0
179301031,25.784,3.2,1769906304521,0
179301032,25.785,14.8,1769906304527,0
179301033,25.786,1.1,1769906304538,0
179301034,25.787,1.0,1769906304572,0
179301035,25.788,0.7,1769906304599,0
179301036,25.789,0.6,1769906304599,0
179301037,25.789,4.2,1769906304826,1
179301038,25.788,0.5,1769906305292,1
179301039,25.786,0.5,1769906305294,1
179301040,25.785,0.5,1769906305333,1
179301041,25.784,0.5,1769906305362,1
179301042,25.783,2.5,1769906305363,1
179301043,25.782,0.5,1769906305363,1
179301044,25.781,0.5,1769906305403,1
179301045,25.778,0.5,1769906305405,1
179301046,25.777,0.5,1769906305482,1
179301047,25.776,1.3,1769906305486,1
179301048,25.775,2.4,1769906305557,0
179301049,25.776,0.5,1769906305560,0
179301050,25.777,0.5,1769906305567,0
179301051,25.778,0.5,1769906305571,0
179301052,25.779,0.5,1769906305576,0
179301053,25.781,0.5,1769906305649,0
179301054,25.782,9.0,1769906305926,0
179301055,25.783,0.7,1769906305927,0
179301056,25.784,0.5,1769906305927,0
179301057,25.785,1.2,1769906305927,0
179301058,25.786,1.1,1769906306014,0
179301059,25.788,3.8,1769906306188,0
179301060,25.788,1.3,1769906306192,1
179301061,25.789,4.9,1769906306322,0
179301062,25.79,1.6,1769906306322,0
179301063,25.791,1.2,1769906306324,0
179301064,25.792,2.6,1769906306324,0
179301065,25.793,6.1,1769906306324,0
179301066,25.794,0.1,1769906306365,0
179301067,25.793,3.0,1769906306377,1
179301068,25.793,13.1,1769906306527,1
179301069,25.792,0.5,1769906306609,1
179301070,25.791,3.5,1769906306609,1
179301071,25.79,0.5,1769906306609,1
179301072,25.789,0.8,1769906307068,1
179301073,25.788,0.5,1769906307074,1
179301074,25.787,15.2,1769906307452,1
179301075,25.786,0.9,1769906307521,1
179301076,25.783,0.5,1769906307602,1
179301077,25.784,0.5,1769906307647,0
179301078,25.784,0.2,1769906307703,1
179301079,25.785,6.9,1769906307859,0
179301080,25.786,3.5,1769906307859,0
179301081,25.787,3.5,1769906307859,0
179301082,25.788,4.2,1769906307859,0
179301083,25.789,5.3,1769906307859,0
179301084,25.79,20.1,1769906307860,0
179301085,25.791,6.5,1769906307860,0
179301086,25.791,18.0,1769906307864,1
179301087,25.79,5.3,1769906307914,1
179301088,25.789,0.5,1769906307914,1
179301089,25.787,4.0,1769906307914,1
179301090,25.786,1.8,1769906307914,1
179301091,25.785,18.6,1769906307914,1
179301092,25.784,16.0,1769906307914,1
179301093,25.783,4.2,1769906307914,1
179301094,25.782,8.7,1769906307914,1
179301095,25.781,2.5,1769906307914,1
179301096,25.78,3.0,1769906307914,1
179301097,25.779,5.6,1769906307914,1
179301098,25.778,1.6,1769906307914,1
179301099,25.777,6.1,1769906307914,1
179301100,25.776,2.4,1769906307914,1
179301101,25.775,22.3,1769906307914,1
179301102,25.783,0.8,1769906307916,1
179301103,25.784,0.5,1769906307961,1
179301104,25.784,0.9,1769906308166,0
179301105,25.784,6.3,1769906308351,0
179301106,25.783,0.5,1769906308388,1
179301107,25.782,0.6,1769906308388,1
179301108,25.784,1.4,1769906308452,0
179301109,25.785,3.5,1769906308452,0
179301110,25.786,1.4,1769906308452,0
179301111,25.784,2.4,1769906308456,1
179301112,25.783,0.2,1769906308459,1
179301113,25.787,0.5,1769906308897,0
179301114,25.788,0.6,1769906308897,0
179301115,25.789,0.5,1769906308906,0
179301116,25.79,0.8,1769906308908,0
179301117,25.791,0.5,1769906308913,0
179301118,25.792,1.9,1769906308916,0
179301119,25.793,0.5,1769906308920,0
179301120,25.794,0.4,1769906308922,0
179301121,25.794,0.4,1769906309070,1
179301122,25.793,0.5,1769906309166,1
179301123,25.792,0.5,1769906309166,1
179301124,25.791,3.5,1769906309166,1
179301125,25.79,2.1,1769906309166,1
179301126,25.791,6.8,1769906309219,0
179301127,25.792,0.5,1769906309351,0
179301128,25.794,8.3,1769906309441,0
179301129,25.795,5.2,1769906309443,0
179301130,25.795,0.8,1769906309482,1
179301131,25.794,0.5,1769906309651,1
179301132,25.793,9.5,1769906309651,1
179301133,25.792,0.5,1769906309651,1
179301134,25.791,8.5,1769906309651,1
179301135,25.79,0.5,1769906309651,1
179301136,25.789,10.6,1769906309651,1
179301137,25.788,5.0,1769906309651,1
179301138,25.787,6.0,1769906309651,1
179301139,25.786,24.0,1769906309651,1
179301140,25.785,3.5,1769906309651,1
179301141,25.784,12.2,1769906309653,1
179301142,25.783,6.3,1769906309659,1
179301143,25.782,5.4,1769906309659,1
179301144,25.781,6.1,1769906309659,1
179301145,25.78,0.9,1769906309659,1
179301146,25.779,0.8,1769906309669,1
179301147,25.778,0.5,1769906309671,1
179301148,25.777,3.3,1769906309671,1
179301149,25.776,4.2,1769906309671,1
179301150,25.775,0.5,1769906309671,1
179301151,25.774,4.2,1769906309671,1
179301152,25.773,0.5,1769906309671,1
179301153,25.772,1.0,1769906309671,1
179301154,25.771,16.8,1769906309671,1
179301155,25.776,0.3,1769906309680,1
179301156,25.778,1.1,1769906309683,1
179301157,25.776,0.6,1769906309738,1
179301158,25.775,0.5,1769906309738,1
179301159,25.775,0.5,1769906309954,0
179301160,25.777,1.0,1769906310737,1
179301161,25.776,1.3,1769906310737,1
179301162,25.775,0.5,1769906310746,1
179301163,25.774,0.5,1769906310749,1
179301164,25.773,0.5,1769906310749,1
179301165,25.772,0.5,1769906310749,1
179301166,25.771,0.5,1769906310807,1
179301167,25.77,2.5,1769906310808,1
179301168,25.769,0.5,1769906310809,1
179301169,25.768,0.8,1769906310832,1
179301170,25.766,0.5,1769906310897,1
179301171,25.765,0.7,1769906310897,1
179301172,25.764,0.3,1769906310897,1
179301173,25.763,0.5,1769906310897,1
179301174,25.762,1.4,1769906310897,1
179301175,25.761,0.5,1769906310897,1
179301176,25.761,5.6,1769906311039,1
179301177,25.76,2.9,1769906311717,1
179301178,25.759,2.5,1769906311718,1
179301179,25.758,0.9,1769906311804,1
179301180,25.757,1.2,1769906311874,1
179301181,25.756,1.4,1769906311875,1
179301182,25.755,3.6,1769906311917,1
179301183,25.756,17.8,1769906312026,0
179301184,25.757,0.5,1769906312027,0
179301185,25.758,3.5,1769906312027,0
179301186,25.759,0.5,1769906312027,0
179301187,25.76,0.5,1769906312028,0
179301188,25.761,1.5,1769906312057,0
179301189,25.762,8.3,1769906312057,0
179301190,25.763,0.5,1769906312115,0
179301191,25.765,0.5,1769906312185,0
179301192,25.766,0.5,1769906312185,0
179301193,25.767,2.0,1769906312185,0
179301194,25.768,0.5,1769906312185,0
179301195,25.769,0.5,1769906312185,0
179301196,25.77,1.2,1769906312185,0
179301197,25.771,0.5,1769906312185,0
179301198,25.772,0.5,1769906312185,0
179301199,25.773,5.5,1769906312185,0
179301200,25.771,11.3,1769906312194,0
179301201,25.772,7.9,1769906312194,0
179301202,25.773,5.6,1769906312194,0
179301203,25.774,0.5,1769906312194,0
179301204,25.775,3.9,1769906312194,0
179301205,25.776,12.9,1769906312194,0
179301206,25.777,4.6,1769906312194,0
179301207,25.778,1.8,1769906312194,0
179301208,25.779,7.2,1769906312194,0
179301209,25.78,1.6,1769906312194,0
179301210,25.781,22.2,1769906312194,0
179301211,25.782,8.6,1769906312194,0
179301212,25.783,4.3,1769906312194,0
179301213,25.784,28.9,1769906312194,0
179301214,25.785,4.5,1769906312194,0
179301215,25.786,0.5,1769906312194,0
179301216,25.787,10.3,1769906312194,0
179301217,25.788,60.9,1769906312194,0
179301218,25.789,66.0,1769906312194,0
179301219,25.79,44.1,1769906312194,0
179301220,25.791,100.1,1769906312194,0
179301221,25.792,12.4,1769906312194,0
179301222,25.793,11.1,1769906312194,0
179301223,25.794,11.5,1769906312194,0
179301224,25.795,29.3,1769906312194,0
179301225,25.796,6.0,1769906312194,0
179301226,25.797,7.2,1769906312194,0
179301227,25.798,9.4,1769906312194,0
179301228,25.799,9.7,1769906312194,0
179301229,25.8,55.0,1769906312194,0
179301230,25.801,62.5,1769906312194,0
179301231,25.802,5.0,1769906312194,0
179301232,25.803,8.0,1769906312194,0
179301233,25.804,5.8,1769906312194,0
179301234,25.805,20.4,1769906312194,0
179301235,25.806,27.0,1769906312194,0
179301236,25.807,102.3,1769906312194,0
179301237,25.808,25.4,1769906312194,0
179301238,25.809,21.6,1769906312194,0
179301239,25.81,73.1,1769906312194,0
179301240,25.811,10.6,1769906312194,0
179301241,25.812,9.3,1769906312194,0
179301242,25.813,5.0,1769906312194,0
179301243,25.814,10.8,1769906312194,0
179301244,25.815,30.9,1769906312194,0
179301245,25.816,11.8,1769906312194,0
179301246,25.817,0.9,1769906312194,0
179301247,25.818,14.5,1769906312194,0
179301248,25.819,44.4,1769906312194,0
179301249,25.82,42.7,1769906312194,0
179301250,25.821,2.4,1769906312194,0
179301251,25.822,25.4,1769906312194,0
179301252,25.823,2.0,1769906312194,0
179301253,25.824,27.6,1769906312194,0
179301254,25.825,96.4,1769906312194,0
179301255,25.826,40.6,1769906312194,0
179301256,25.827,12.1,1769906312194,0
179301257,25.828,35.5,1769906312194,0
179301258,25.829,5.2,1769906312194,0
179301259,25.83,17.6,1769906312194,0
179301260,25.831,84.4,1769906312194,0
179301261,25.832,11.3,1769906312194,0
179301262,25.833,1.3,1769906312194,0
179301263,25.834,52.7,1769906312194,0
179301264,25.835,235.3,1769906312194,0
179301265,25.836,5.4,1769906312194,0
179301266,25.837,5.5,1769906312194,0
179301267,25.838,20.4,1769906312194,0
179301268,25.839,29.2,1769906312194,0
179301269,25.84,17.8,1769906312194,0
179301270,25.841,88.4,1769906312194,0
179301271,25.842,20.6,1769906312194,0
179301272,25.843,8.5,1769906312194,0
179301273,25.77,8.8,1769906312195,0
179301274,25.771,1.0,1769906312195,0
179301275,25.774,2.8,1769906312196,0
179301276,25.784,0.8,1769906312196,0
179301277,25.805,0.8,1769906312196,0
179301278,25.809,0.7,1769906312197,0
179301279,25.812,0.7,1769906312197,0
179301280,25.815,3.7,1769906312197,0
179301281,25.81,3.0,1769906312197,0
179301282,25.821,0.7,1769906312197,0
179301283,25.824,0.7,1769906312197,0
179301284,25.826,0.8,1769906312197,0
179301285,25.827,0.7,1769906312197,0
179301286,25.83,0.7,1769906312197,0
179301287,25.833,0.7,1769906312197,0
179301288,25.836,0.7,1769906312198,0
179301289,25.843,11.1,1769906312198,0
179301290,25.844,4.0,1769906312198,0
179301291,25.845,0.4,1769906312198,0
179301292,25.846,1.5,1769906312198,0
179301293,25.848,0.3,1769906312198,0
179301294,25.849,6.1,1769906312198,0
179301295,25.85,6.2,1769906312198,0
179301296,25.852,16.5,1769906312198,0
179301297,25.827,1.1,1769906312198,0
179301298,25.839,1.1,1769906312198,0
179301299,25.841,1.1,1769906312198,0
179301300,25.825,1.1,1769906312198,0
179301301,25.829,1.1,1769906312198,0
179301302,25.831,1.1,1769906312198,0
179301303,25.833,1.1,1769906312198,0
179301304,25.837,1.1,1769906312198,0
179301305,25.843,4.4,1769906312200,0
179301306,25.846,1.1,1769906312200,0
179301307,25.847,5.5,1769906312200,0
179301308,25.849,14.3,1769906312200,0
179301309,25.852,1.1,1769906312200,0
179301310,25.853,29.3,1769906312200,0
179301311,25.853,135.7,1769906312201,1
179301312,25.845,2.4,1769906312201,1
179301313,25.843,4.9,1769906312201,1
179301314,25.842,0.8,1769906312201,1
179301315,25.844,4.4,1769906312201,1
179301316,25.843,11.3,1769906312201,1
179301317,25.842,2.0,1769906312201,1
179301318,25.84,1.0,1769906312201,1
179301319,25.836,1.0,1769906312202,1
179301320,25.85,3.0,1769906312202,0
179301321,25.854,0.3,1769906312202,0
179301322,25.853,2.4,1769906312202,0
179301323,25.854,5.9,1769906312202,0
179301324,25.849,1.0,1769906312203,1
179301325,25.847,1.0,1769906312203,1
179301326,25.845,1.0,1769906312203,1
179301327,25.844,1.3,1769906312203,1
179301328,25.839,4.8,1769906312204,0
179301329,25.838,8.3,1769906312205,1
179301330,25.839,0.3,1769906312205,0
179301331,25.838,0.4,1769906312206,1
179301332,25.839,17.1,1769906312207,0
179301333,25.838,8.1,1769906312226,1
179301334,25.837,5.2,1769906312227,1
179301335,25.836,20.9,1769906312229,1
179301336,25.834,0.2,1769906312229,1
179301337,25.835,3.1,1769906312232,0
179301338,25.839,5.1,1769906312232,0
179301339,25.839,0.4,1769906312237,1
179301340,25.84,6.0,1769906312239,0
179301341,25.839,9.0,1769906312239,1
179301342,25.837,1.1,1769906312239,1
179301343,25.836,1.8,1769906312239,1
179301344,25.84,5.5,1769906312239,0
179301345,25.842,0.5,1769906312239,0
179301346,25.843,3.4,1769906312239,0
179301347,25.844,0.5,1769906312239,0
179301348,25.845,0.5,1769906312239,0
179301349,25.846,1.1,1769906312239,0
179301350,25.847,2.2,1769906312239,0
179301351,25.846,1.1,1769906312240,0
179301352,25.847,0.5,1769906312240,0
179301353,25.841,0.8,1769906312253,1
179301354,25.84,4.8,1769906312253,1
179301355,25.838,9.0,1769906312259,0
179301356,25.839,4.6,1769906312259,0
179301357,25.84,4.8,1769906312259,0
179301358,25.844,1.5,1769906312268,0
179301359,25.845,0.5,1769906312268,0
179301360,25.847,2.6,1769906312268,0
179301361,25.849,4.9,1769906312268,0
179301362,25.851,0.4,1769906312288,1
179301363,25.852,6.2,1769906312303,0
179301364,25.852,11.4,1769906312318,1
179301365,25.851,9.0,1769906312331,1
179301366,25.852,4.5,1769906312335,1
179301367,25.851,0.3,1769906312335,1
179301368,25.85,0.5,1769906312342,1
179301369,25.849,5.0,1769906312342,1
179301370,25.848,12.8,1769906312348,1
179301371,25.847,1.2,1769906312348,1
179301372,25.846,8.0,1769906312361,1
179301373,25.845,0.5,1769906312378,1
179301374,25.844,2.2,1769906312378,1
179301375,25.843,3.0,1769906312378,1
179301376,25.842,4.1,1769906312378,1
179301377,25.841,1.9,1769906312378,1
179301378,25.84,19.4,1769906312378,1
179301379,25.839,4.8,1769906312378,1
179301380,25.838,5.9,1769906312378,1
179301381,25.836,1.6,1769906312378,1
179301382,25.835,3.5,1769906312378,1
179301383,25.837,2.7,1769906312382,1
179301384,25.835,1.3,1769906312382,1
179301385,25.843,0.5,1769906312384,1
179301386,25.841,0.8,1769906312388,1
179301387,25.837,2.7,1769906312388,1
179301388,25.836,40.3,1769906312388,1
179301389,25.835,4.8,1769906312399,1
179301390,25.834,19.4,1769906312399,1
179301391,25.833,5.9,1769906312399,1
179301392,25.832,3.5,1769906312399,1
179301393,25.831,7.5,1769906312399,1
179301394,25.83,12.5,1769906312399,1
179301395,25.829,6.4,1769906312399,1
179301396,25.828,1.5,1769906312399,1
179301397,25.836,3.0,1769906312404,1
179301398,25.839,1.6,1769906312447,1
179301399,25.837,4.8,1769906312449,1
179301400,25.835,10.1,1769906312459,1
179301401,25.834,1.2,1769906312463,1
179301402,25.833,2.7,1769906312463,1
179301403,25.837,2.1,1769906312464,1
179301404,25.833,2.1,1769906312467,1
179301405,25.832,3.2,1769906312469,1
179301406,25.833,4.8,1769906312470,1
179301407,25.831,1.2,1769906312472,1
179301408,25.83,4.5,1769906312479,1
179301409,25.829,1.5,1769906312479,1
179301410,25.831,4.7,1769906312487,1
179301411,25.832,6.3,1769906312490,1
179301412,25.831,2.2,1769906312519,1
179301413,25.83,5.3,1769906312519,1
179301414,25.832,4.8,1769906312522,1
179301415,25.831,0.5,1769906312531,1
179301416,25.83,4.5,1769906312531,1
179301417,25.834,13.7,1769906312614,1
179301418,25.833,4.9,1769906312630,1
179301419,25.832,10.9,1769906312630,1
179301420,25.831,1.1,1769906312630,1
179301421,25.832,1.0,1769906312674,1
179301422,25.835,0.6,1769906312680,0
179301423,25.838,0.5,1769906312762,0
179301424,25.84,0.5,1769906312764,0
179301425,25.841,0.5,1769906312764,0
179301426,25.842,3.5,1769906312764,0
179301427,25.839,0.3,1769906312764,1
179301428,25.843,0.5,1769906312810,0
179301429,25.846,0.5,1769906312879,0
179301430,25.847,0.2,1769906312879,0
179301431,25.849,1.2,1769906312879,0
179301432,25.85,0.5,1769906312879,0
179301433,25.851,0.5,1769906312879,0
179301434,25.852,19.3,1769906312879,0
179301435,25.853,0.8,1769906312879,0
179301436,25.854,5.5,1769906312879,0
179301437,25.855,3.7,1769906312879,0
179301438,25.848,0.4,1769906312888,1
179301439,25.853,0.5,1769906312896,1
179301440,25.852,1.0,1769906312927,1
179301441,25.854,1.3,1769906312939,1
179301442,25.852,1.1,1769906312939,1
179301443,25.851,0.5,1769906312939,1
179301444,25.85,0.5,1769906312939,1
179301445,25.848,8.5,1769906312941,1
179301446,25.85,0.5,1769906312949,1
179301447,25.849,8.5,1769906312949,1
179301448,25.852,78.2,1769906312988,1
179301449,25.85,4.8,1769906312988,1
179301450,25.849,0.5,1769906312988,1
179301451,25.848,0.5,1769906312988,1
179301452,25.847,0.5,1769906312991,1
179301453,25.846,0.7,1769906312991,1
179301454,25.845,3.0,1769906312991,1
179301455,25.844,0.9,1769906312991,1
179301456,25.845,2.7,1769906313039,1
179301457,25.844,0.3,1769906313039,1
179301458,25.843,10.2,1769906313039,1
179301459,25.842,5.3,1769906313039,1
179301460,25.842,1.2,1769906313163,1
179301461,25.844,7.8,1769906313235,0
179301462,25.845,0.5,1769906313337,0
179301463,25.845,16.8,1769906313591,1
179301464,25.845,0.3,1769906313783,1
179301465,25.845,12.1,1769906313914,1
179301466,25.844,7.9,1769906313914,1
179301467,25.843,10.8,1769906313914,1
179301468,25.842,2.3,1769906313914,1
179301469,25.841,2.4,1769906313914,1
179301470,25.84,6.0,1769906313914,1
179301471,25.839,1.8,1769906313914,1
179301472,25.838,21.7,1769906313914,1
179301473,25.837,13.3,1769906313914,1
179301474,25.836,9.0,1769906313914,1
179301475,25.835,27.6,1769906313914,1
179301476,25.834,21.5,1769906313914,1
179301477,25.833,26.8,1769906313914,1
179301478,25.832,29.9,1769906313914,1
179301479,25.843,0.8,1769906313915,1
179301480,25.836,1.3,1769906313921,1
179301481,25.837,2.0,1769906313925,0
179301482,25.836,8.9,1769906313927,1
179301483,25.839,12.3,1769906314102,0
179301484,25.84,0.5,1769906314104,0
179301485,25.841,0.5,1769906314127,0
179301486,25.843,0.5,1769906314168,0
179301487,25.844,0.5,1769906314168,0
179301488,25.845,0.5,1769906314168,0
179301489,25.846,6.2,1769906314168,0
179301490,25.847,0.5,1769906314168,0
179301491,25.848,0.5,1769906314168,0
179301492,25.849,1.2,1769906314168,0
179301493,25.85,0.7,1769906314168,0
179301494,25.851,19.9,1769906314168,0
179301495,25.852,3.7,1769906314168,0
179301496,25.853,0.5,1769906314168,0
179301497,25.854,2.6,1769906314168,0
179301498,25.855,6.2,1769906314168,0
179301499,25.856,7.8,1769906314168,0
179301500,25.857,13.1,1769906314168,0
179301501,25.854,0.3,1769906314171,0
179301502,25.853,9.0,1769906314297,0
179301503,25.853,2.4,1769906314305,1
179301504,25.852,6.0,1769906314307,1
179301505,25.852,8.7,1769906314335,0
179301506,25.853,4.1,1769906314335,0
179301507,25.852,18.8,1769906314380,0
179301508,25.853,14.7,1769906314380,0
179301509,25.854,1.0,1769906314380,0
179301510,25.855,2.5,1769906314380,0
179301511,25.856,6.4,1769906314380,0
179301512,25.857,2.5,1769906314380,0
179301513,25.858,3.4,1769906314380,0
179301514,25.851,0.5,1769906314403,1
179301515,25.85,0.5,1769906314403,1
179301516,25.849,0.5,1769906314403,1
179301517,25.848,0.5,1769906314451,1
179301518,25.847,0.4,1769906314451,1
179301519,25.849,0.5,1769906314591,0
179301520,25.85,10.9,1769906314591,0
179301521,25.851,4.8,1769906314591,0
179301522,25.852,10.3,1769906314591,0
179301523,25.853,12.9,1769906314591,0
179301524,25.854,9.2,1769906314591,0
179301525,25.855,5.0,1769906314591,0
179301526,25.856,11.2,1769906314591,0
179301527,25.857,10.9,1769906314591,0
179301528,25.858,10.3,1769906314591,0
179301529,25.859,11.9,1769906314591,0
179301530,25.86,0.3,1769906314591,0
179301531,25.857,3.4,1769906315005,0
179301532,25.858,2.0,1769906315005,0
179301533,25.859,0.5,1769906315007,0
179301534,25.859,0.2,1769906315083,1
179301535,25.86,1.7,1769906315093,0
179301536,25.86,3.4,1769906315500,1
179301537,25.859,0.5,1769906315510,1
179301538,25.858,0.5,1769906315520,1
179301539,25.857,0.5,1769906315520,1
179301540,25.856,2.9,1769906315520,1
179301541,25.856,38.2,1769906315652,1
179301542,25.855,0.5,1769906315681,1
179301543,25.853,0.5,1769906315801,1
179301544,25.852,7.9,1769906315801,1
179301545,25.851,0.5,1769906315801,1
179301546,25.85,0.5,1769906315801,1
179301547,25.849,6.0,1769906315801,1
179301548,25.848,0.5,1769906315801,1
179301549,25.847,0.3,1769906315801,1
179301550,25.846,4.9,1769906315801,1
179301551,25.845,5.4,1769906315801,1
179301552,25.844,2.3,1769906315801,1
179301553,25.843,16.9,1769906315801,1
179301554,25.844,0.3,1769906315803,1
179301555,25.851,6.6,1769906316022,0
179301556,25.852,0.5,1769906316024,0
179301557,25.853,0.5,1769906316024,0
179301558,25.854,4.8,1769906316066,0
179301559,25.855,1.2,1769906316068,0
179301560,25.856,0.5,1769906316068,0
179301561,25.856,3.0,1769906316136,1
179301562,25.857,0.5,1769906316211,0
179301563,25.858,0.7,1769906316211,0
179301564,25.859,0.7,1769906316211,0
179301565,25.86,0.5,1769906316211,0
179301566,25.861,11.2,1769906316211,0
179301567,25.862,1.5,1769906316211,0
179301568,25.863,6.9,1769906316211,0
179301569,25.864,8.2,1769906316211,0
179301570,25.865,5.3,1769906316211,0
179301571,25.866,3.8,1769906316211,0
179301572,25.867,22.3,1769906316211,0
179301573,25.868,7.1,1769906316211,0
179301574,25.869,3.8,1769906316211,0
179301575,25.87,25.9,1769906316212,0
179301576,25.871,6.8,1769906316212,0
179301577,25.872,0.1,1769906316213,0
179301578,25.87,1.3,1769906316216,1
179301579,25.863,0.4,1769906316222,1
179301580,25.868,0.1,1769906316256,0
179301581,25.869,2.9,1769906316256,0
179301582,25.866,0.5,1769906316334,1
179301583,25.865,0.5,1769906316336,1
179301584,25.865,0.5,1769906316386,0
179301585,25.864,12.0,1769906316439,1
179301586,25.863,0.9,1769906316575,1
179301587,25.862,1.3,1769906316668,1
179301588,25.861,0.7,1769906316668,1
179301589,25.86,0.8,1769906316964,1
179301590,25.858,1.2,1769906316964,1
179301591,25.857,1.9,1769906316964,1
179301592,25.859,18.1,1769906317454,0
179301593,25.86,7.2,1769906317462,0
179301594,25.861,52.3,1769906317462,0
179301595,25.862,0.5,1769906317462,0
179301596,25.863,0.5,1769906317462,0
179301597,25.864,5.7,1769906317462,0
179301598,25.865,4.5,1769906317462,0
179301599,25.866,22.9,1769906317462,0
179301600,25.867,6.0,1769906317462,0
179301601,25.868,0.5,1769906317462,0
179301602,25.869,7.9,1769906317462,0
179301603,25.87,1.2,1769906317462,0
179301604,25.871,0.8,1769906317462,0
179301605,25.872,5.9,1769906317462,0
179301606,25.873,3.7,1769906317462,0
179301607,25.874,32.0,1769906317462,0
179301608,25.875,20.5,1769906317462,0
179301609,25.876,11.7,1769906317462,0
179301610,25.873,3.8,1769906317464,0
179301611,25.874,3.0,1769906317464,0
179301612,25.876,17.6,1769906317464,0
179301613,25.875,4.0,1769906317639,0
179301614,25.876,3.5,1769906317641,0
179301615,25.877,0.5,1769906317680,0
179301616,25.878,0.6,1769906317941,0
179301617,25.878,0.9,1769906318062,0
179301618,25.879,1.0,1769906318062,0
179301619,25.879,1.0,1769906318069,1
179301620,25.88,42.7,1769906318131,0
179301621,25.881,0.5,1769906318133,0
179301622,25.882,1.4,1769906318135,0
179301623,25.884,1.1,1769906318253,0
179301624,25.883,0.2,1769906318325,1
179301625,25.883,4.1,1769906318532,1
179301626,25.882,3.8,1769906318535,1
179301627,25.883,9.7,1769906318538,1
179301628,25.882,2.0,1769906318601,1
179301629,25.881,1.0,1769906318723,1
179301630,25.882,0.2,1769906319061,0
179301631,25.882,1.9,1769906319072,1
179301632,25.883,1.2,1769906319274,0
179301633,25.884,8.3,1769906319291,0
179301634,25.885,0.8,1769906319301,0
179301635,25.884,0.5,1769906319371,1
179301636,25.885,0.5,1769906319474,0
179301637,25.886,0.8,1769906319475,0
179301638,25.887,2.4,1769906319504,0
179301639,25.888,6.8,1769906319507,0
179301640,25.888,1.3,1769906319553,1
179301641,25.887,0.5,1769906319674,1
179301642,25.886,1.0,1769906319815,1
179301643,25.886,9.3,1769906319995,1
179301644,25.886,56.5,1769906320122,1
179301645,25.885,0.5,1769906320168,1
179301646,25.884,0.5,1769906320170,1
179301647,25.883,4.0,1769906320170,1
179301648,25.882,1.6,1769906320170,1
179301649,25.881,0.5,1769906320170,1
179301650,25.881,0.5,1769906320375,1
179301651,25.88,0.5,1769906320375,1
179301652,25.879,2.1,1769906320375,1
179301653,25.878,3.8,1769906320375,1
179301654,25.877,2.9,1769906320375,1
179301655,25.877,3.0,1769906320457,0
179301656,25.878,3.5,1769906320457,0
179301657,25.879,4.0,1769906320457,0
179301658,25.879,0.5,1769906320591,0
179301659,25.881,0.5,1769906320591,0
179301660,25.882,0.5,1769906321027,0
179301661,25.883,16.8,1769906321027,0
179301662,25.883,0.4,1769906321393,1
179301663,25.884,0.5,1769906321426,0
179301664,25.886,0.4,1769906321435,1
179301665,25.885,1.2,1769906321997,1
179301666,25.884,0.5,1769906321997,1
179301667,25.883,9.8,1769906321997,1
179301668,25.882,20.5,1769906321997,1
179301669,25.881,14.4,1769906321997,1
179301670,25.883,0.8,1769906321999,1
179301671,25.881,14.3,1769906321999,1
179301672,25.88,0.7,1769906321999,1
179301673,25.879,1.2,1769906321999,1
179301674,25.878,0.5,1769906321999,1
179301675,25.881,15.6,1769906322078,1
179301676,25.88,13.8,1769906322078,1
179301677,25.879,6.4,1769906322149,1
179301678,25.878,2.4,1769906322149,1
179301679,25.878,4.7,1769906322284,1
179301680,25.877,0.5,1769906322353,1
179301681,25.876,0.1,1769906322353,1
179301682,25.879,3.9,1769906322738,0
179301683,25.878,0.7,1769906323024,1
179301684,25.877,1.3,1769906323024,1
179301685,25.876,1.9,1769906323024,1
179301686,25.879,3.9,1769906323434,0
179301687,25.879,13.2,1769906323602,0
179301688,25.88,0.5,1769906323602,0
179301689,25.881,3.5,1769906323602,0
179301690,25.882,12.0,1769906323602,0
179301691,25.883,0.5,1769906323602,0
179301692,25.884,5.4,1769906323602,0
179301693,25.885,33.6,1769906323602,0
179301694,25.886,8.5,1769906323602,0
179301695,25.887,3.5,1769906323602,0
179301696,25.888,8.4,1769906323602,0
179301697,25.889,5.7,1769906323602,0
179301698,25.89,6.2,1769906323602,0
179301699,25.891,6.9,1769906323602,0
179301700,25.892,21.2,1769906323602,0
179301701,25.888,1.1,1769906323605,0
179301702,25.889,2.4,1769906323605,0
179301703,25.89,1.1,1769906323605,0
179301704,25.892,8.4,1769906323605,0
179301705,25.887,0.4,1769906323612,1
179301706,25.892,0.7,1769906323736,0
179301707,25.893,0.4,1769906323747,1
179301708,25.894,1.2,1769906323845,0
179301709,25.895,3.0,1769906323849,0
179301710,25.896,1.0,1769906324038,0
179301711,25.896,0.5,1769906324064,1
179301712,25.897,0.7,1769906324133,0
179301713,25.896,0.2,1769906324381,1
179301714,25.897,0.6,1769906324465,0
179301715,25.897,5.4,1769906325023,1
179301716,25.897,1.9,1769906325185,1
179301717,25.897,48.9,1769906325431,1
179301718,25.897,0.9,1769906325444,0
179301719,25.896,10.2,1769906325491,1
179301720,25.895,0.5,1769906325496,1
179301721,25.895,0.1,1769906325566,0
179301722,25.895,3.9,1769906325957,1
179301723,25.896,0.4,1769906326206,0
179301724,25.895,57.7,1769906326209,1
179301725,25.894,0.5,1769906326211,1
179301726,25.893,1.0,1769906326213,1
179301727,25.892,0.5,1769906326217,1
179301728,25.891,1.2,1769906326217,1
179301729,25.89,0.5,1769906326217,1
179301730,25.892,9.7,1769906326269,1
179301731,25.891,0.5,1769906326271,1
179301732,25.89,0.5,1769906326277,1
179301733,25.889,0.5,1769906326279,1
179301734,25.889,8.5,1769906327045,0
179301735,25.89,3.5,1769906327045,0
179301736,25.891,0.5,1769906327092,0
179301737,25.892,3.0,1769906327099,0
179301738,25.892,4.0,1769906327423,1
179301739,25.892,2.0,1769906327880,1
179301740,25.892,7.7,1769906328263,1
179301741,25.893,0.8,1769906328281,0
179301742,25.894,1.2,1769906328317,0
179301743,25.895,0.5,1769906328317,0
179301744,25.895,2.0,1769906328396,1
179301745,25.896,0.1,1769906328397,0
179301746,25.897,14.5,1769906328397,0
179301747,25.898,8.3,1769906328404,0
179301748,25.899,0.7,1769906328404,0
179301749,25.899,23.5,1769906328416,1
179301750,25.898,3.5,1769906328420,1
179301751,25.897,1.2,1769906328448,0
179301752,25.898,0.5,1769906328484,0
179301753,25.899,0.5,1769906328489,0
179301754,25.9,625.8,1769906328489,0
179301755,25.901,6.6,1769906328493,0
179301756,25.902,0.5,1769906328493,0
179301757,25.903,5.6,1769906328493,0
179301758,25.904,2.5,1769906328493,0
179301759,25.905,0.5,1769906328493,0
179301760,25.906,4.5,1769906328493,0
179301761,25.907,5.4,1769906328493,0
179301762,25.908,0.8,1769906328493,0
179301763,25.909,6.1,1769906328493,0
179301764,25.91,3.4,1769906328493,0
179301765,25.911,0.5,1769906328494,0
179301766,25.912,6.7,1769906328494,0
179301767,25.913,6.2,1769906328495,0
179301768,25.914,0.7,1769906328495,0
179301769,25.915,1.4,1769906328495,0
179301770,25.916,5.2,1769906328495,0
179301771,25.917,0.3,1769906328495,0
179301772,25.912,2.4,1769906328495,1
179301773,25.911,2.4,1769906328495,1
179301774,25.91,4.8,1769906328495,1
179301775,25.909,0.4,1769906328495,1
179301776,25.916,2.4,1769906328499,1
179301777,25.913,2.8,1769906328503,1
179301778,25.915,0.5,1769906328546,0
179301779,25.917,0.4,1769906328550,0
179301780,25.918,1.4,1769906328554,0
179301781,25.918,2.8,1769906328587,1
179301782,25.915,1.5,1769906328595,1
179301783,25.918,2.8,1769906328795,1
179301784,25.917,0.5,1769906328798,1
179301785,25.916,6.0,1769906328875,1
179301786,25.915,4.3,1769906328875,1
179301787,25.914,3.6,1769906328877,1
179301788,25.916,0.2,1769906328997,1
179301789,25.917,0.1,1769906329261,0
179301790,25.916,0.2,1769906329297,1
179301791,25.917,13.3,1769906329594,0
179301792,25.918,2.8,1769906329596,0
179301793,25.919,23.2,1769906329596,0
179301794,25.92,1.2,1769906329598,0
179301795,25.921,5.4,1769906329598,0
179301796,25.922,4.5,1769906329649,0
179301797,25.923,1.7,1769906329649,0
179301798,25.924,2.5,1769906329649,0
179301799,25.925,15.9,1769906329685,0
179301800,25.926,0.7,1769906329772,0
179301801,25.927,0.7,1769906329772,0
179301802,25.928,1.9,1769906329772,0
179301803,25.929,1.4,1769906329772,0
179301804,25.93,1.0,1769906329772,0
179301805,25.929,2.7,1769906329791,1
179301806,25.929,0.2,1769906330034,1
179301807,25.929,7.7,1769906330169,1
179301808,25.928,3.5,1769906330169,1
179301809,25.927,3.5,1769906330169,1
179301810,25.926,7.9,1769906330169,1
179301811,25.925,0.5,1769906330169,1
179301812,25.927,0.4,1769906330187,0
179301813,25.925,0.3,1769906330314,1
179301814,25.926,5.1,1769906330453,0
179301815,25.927,0.6,1769906330453,0
179301816,25.926,0.2,1769906330964,1
179301817,25.925,6.0,1769906331071,1
179301818,25.927,1.0,1769906331158,0
179301819,25.927,15.5,1769906331673,0
179301820,25.926,3.9,1769906331798,1
179301821,25.927,4.2,1769906331809,0
179301822,25.926,4.6,1769906331889,1
179301823,25.925,4.4,1769906331889,1
179301824,25.926,1.1,1769906332128,0
179301825,25.926,3.7,1769906332268,0
179301826,25.927,7.2,1769906332268,0
179301827,25.928,3.5,1769906332268,0
179301828,25.929,0.1,1769906332268,0
179301829,25.929,0.4,1769906332448,0
179301830,25.93,26.5,1769906332449,0
179301831,25.931,0.5,1769906332449,0
179301832,25.932,1.2,1769906332509,0
179301833,25.933,9.4,1769906332509,0
179301834,25.934,5.4,1769906332509,0
179301835,25.935,8.0,1769906332706,0
179301836,25.936,2.5,1769906332706,0
179301837,25.937,28.7,1769906332706,0
179301838,25.938,5.2,1769906332706,0
179301839,25.939,6.3,1769906332706,0
179301840,25.94,2.5,1769906332706,0
179301841,25.941,0.9,1769906332706,0
179301842,25.942,5.2,1769906332767,0
179301843,25.943,2.4,1769906332767,0
179301844,25.944,4.0,1769906332767,0
179301845,25.943,2.6,1769906332784,1
179301846,25.942,0.5,1769906332806,1
179301847,25.94,3.9,1769906332819,1
179301848,25.938,0.5,1769906332875,1
179301849,25.937,1.7,1769906332877,1
179301850,25.937,0.1,1769906332892,0
179301851,25.936,0.5,1769906333005,1
179301852,25.938,0.9,1769906333142,0
179301853,25.941,0.2,1769906333142,0
179301854,25.941,0.3,1769906333396,0
179301855,25.942,0.5,1769906333400,0
179301856,25.942,0.2,1769906333461,1
179301857,25.943,0.6,1769906333508,0
179301858,25.943,0.2,1769906333733,0
179301859,25.944,11.2,1769906333733,0
179301860,25.945,2.0,1769906333735,0
179301861,25.946,0.2,1769906333735,0
179301862,25.946,0.1,1769906333957,0
179301863,25.946,23.7,1769906334313,0
179301864,25.947,0.9,1769906334313,0
179301865,25.948,4.4,1769906334313,0
179301866,25.949,0.5,1769906334313,0
179301867,25.95,64.0,1769906334313,0
179301868,25.951,27.8,1769906334313,0
179301869,25.952,1.4,1769906334313,0
179301870,25.953,1.7,1769906334313,0
179301871,25.952,0.4,1769906334322,1
179301872,25.953,32.9,1769906334359,0
179301873,25.954,9.2,1769906334362,0
179301874,25.955,0.5,1769906334362,0
179301875,25.955,0.2,1769906334387,1
179301876,25.956,15.5,1769906334409,0
179301877,25.957,1.2,1769906334409,0
179301878,25.957,4.8,1769906334431,1
179301879,25.956,5.3,1769906334431,1
179301880,25.955,4.8,1769906334431,1
179301881,25.953,5.5,1769906334555,1
179301882,25.952,15.4,1769906334555,1
179301883,25.951,1.2,1769906334555,1
179301884,25.95,0.5,1769906334557,1
179301885,25.949,0.5,1769906334562,1
179301886,25.948,1.2,1769906334562,1
179301887,25.947,0.9,1769906334562,1
179301888,25.946,26.7,1769906334562,1
179301889,25.945,30.5,1769906334563,1
179301890,25.944,0.5,1769906334563,1
179301891,25.943,0.5,1769906334565,1
179301892,25.943,0.4,1769906334647,0
179301893,25.942,0.5,1769906334717,1
179301894,25.94,3.4,1769906334717,1
179301895,25.942,4.4,1769906334757,0
179301896,25.943,8.3,1769906334760,0
179301897,25.944,0.5,1769906334760,0
179301898,25.945,0.5,1769906334799,0
179301899,25.946,3.9,1769906334866,1
179301900,25.947,0.4,1769906335050,0
179301901,25.948,0.5,1769906335050,0
179301902,25.951,0.7,1769906335130,0
179301903,25.953,0.3,1769906335195,0
179301904,25.954,1.1,1769906335195,0
179301905,25.953,0.2,1769906335392,1
179301906,25.954,18.7,1769906335434,0
179301907,25.955,0.5,1769906335434,0
179301908,25.956,0.5,1769906335439,0
179301909,25.957,0.5,1769906335439,0
179301910,25.958,1.7,1769906335439,0
179301911,25.959,0.5,1769906335439,0
179301912,25.96,2.0,1769906335439,0
179301913,25.961,0.9,1769906335439,0
179301914,25.962,0.7,1769906335439,0
179301915,25.963,3.2,1769906335439,0
179301916,25.964,19.9,1769906335439,0
179301917,25.965,1.5,1769906335442,0
179301918,25.965,1.2,1769906335449,1
179301919,25.966,4.7,1769906335491,0
179301920,25.963,1.1,1769906335622,0
179301921,25.962,0.5,1769906335636,1
179301922,25.961,0.1,1769906335636,1
179301923,25.961,1.1,1769906336112,1
179301924,25.96,0.7,1769906336112,1
179301925,25.959,2.9,1769906336112,1
179301926,25.958,2.7,1769906336112,1
179301927,25.957,20.6,1769906336112,1
179301928,25.956,5.5,1769906336112,1
179301929,25.955,4.8,1769906336112,1
179301930,25.954,0.7,1769906336112,1
179301931,25.955,0.2,1769906336216,0
179301932,25.956,8.8,1769906336259,0
179301933,25.957,14.9,1769906336259,0
179301934,25.958,7.9,1769906336259,0
179301935,25.959,7.9,1769906336259,0
179301936,25.96,0.5,1769906336259,0
179301937,25.961,21.7,1769906336259,0
179301938,25.962,16.9,1769906336259,0
179301939,25.963,8.3,1769906336259,0
179301940,25.964,25.7,1769906336259,0
179301941,25.965,0.9,1769906336259,0
179301942,25.966,33.9,1769906336259,0
179301943,25.967,11.3,1769906336259,0
179301944,25.968,12.1,1769906336259,0
179301945,25.969,19.2,1769906336259,0
179301946,25.97,39.9,1769906336262,0
179301947,25.971,41.8,1769906336262,0
179301948,25.969,2.1,1769906336565,1
179301949,25.97,15.8,1769906336571,0
179301950,25.971,0.5,1769906336571,0
179301951,25.972,1.7,1769906336571,0
179301952,25.973,6.2,1769906336571,0
179301953,25.974,4.4,1769906336571,0
179301954,25.975,2.5,1769906336571,0
179301955,25.976,5.6,1769906336571,0
179301956,25.977,1.9,1769906336571,0
179301957,25.979,0.2,1769906336573,0
179301958,25.979,17.5,1769906336615,1
179301959,25.978,0.5,1769906336665,1
179301960,25.977,3.5,1769906336666,1
179301961,25.976,21.9,1769906336666,1
179301962,25.975,0.5,1769906336672,1
179301963,25.974,1.8,1769906336673,0
179301964,25.976,15.1,1769906336673,0
179301965,25.977,17.1,1769906336719,1
179301966,25.976,0.5,1769906336724,1
179301967,25.975,0.5,1769906336724,1
179301968,25.973,10.2,1769906336740,1
179301969,25.972,1.2,1769906336744,1
179301970,25.974,4.1,1769906336747,0
179301971,25.975,6.0,1769906336747,0
179301972,25.976,3.8,1769906336747,0
179301973,25.978,4.5,1769906336747,0
179301974,25.979,3.5,1769906336747,0
179301975,25.98,5.3,1769906336747,0
179301976,25.981,9.5,1769906336747,0
179301977,25.982,7.3,1769906336747,0
179301978,25.983,18.4,1769906336747,0
179301979,25.984,13.5,1769906336747,0
179301980,25.978,0.5,1769906336965,0
179301981,25.979,0.5,1769906336965,0
179301982,25.98,0.5,1769906336965,0
179301983,25.981,1.2,1769906336965,0
179301984,25.982,1.6,1769906336965,0
179301985,25.983,0.5,1769906336965,0
179301986,25.984,51.2,1769906336965,0
179301987,25.984,0.5,1769906336981,1
179301988,25.984,12.2,1769906337115,1
179301989,25.983,3.5,1769906337115,1
179301990,25.982,0.5,1769906337115,1
179301991,25.981,1.4,1769906337122,1
179301992,25.98,0.5,1769906337124,1
179301993,25.979,0.5,1769906337130,1
179301994,25.978,0.5,1769906337143,1
179301995,25.977,0.9,1769906337143,1
179301996,25.976,1.8,1769906337143,1
179301997,25.98,0.5,1769906337328,0
179301998,25.982,0.5,1769906337328,0
179301999,25.983,0.5,1769906337328,0
179302000,25.984,1.2,1769906337328,0
179302001,25.985,1.0,1769906337328,0
179302002,25.984,2.3,1769906337349,1
179302003,25.981,3.0,1769906337502,1
179302004,25.98,1.0,1769906337502,1
179302005,25.982,1.3,1769906337562,1
179302006,25.98,0.5,1769906337567,1
179302007,25.979,2.1,1769906337568,1
179302008,25.979,0.9,1769906337711,1
179302009,25.978,0.7,1769906337737,1
179302010,25.977,0.5,1769906337737,1
179302011,25.976,2.2,1769906337737,1
179302012,25.976,8.7,1769906338021,1
179302013,25.975,1.3,1769906338026,1
179302014,25.975,0.8,1769906338130,1
179302015,25.974,0.5,1769906338130,1
179302016,25.973,0.5,1769906338130,1
179302017,25.973,0.4,1769906338170,0
179302018,25.972,0.5,1769906338227,1
179302019,25.971,1.0,1769906338310,1
179302020,25.969,1.1,1769906338440,0
179302021,25.969,6.2,1769906338549,0
179302022,25.97,3.5,1769906338556,0
179302023,25.971,0.5,1769906338730,0
179302024,25.973,1.4,1769906338731,0
179302025,25.974,11.6,1769906339049,0
179302026,25.975,0.5,1769906339049,0
179302027,25.976,6.9,1769906339049,0
179302028,25.977,4.1,1769906339062,0
179302029,25.978,1.2,1769906339064,0
179302030,25.979,0.5,1769906339064,0
179302031,25.98,8.3,1769906339067,0
179302032,25.981,1.2,1769906339100,0
179302033,25.982,0.5,1769906339100,0
179302034,25.979,2.4,1769906339104,1
179302035,25.981,5.0,1769906339163,1
179302036,25.982,0.9,1769906339176,0
179302037,25.979,0.4,1769906339190,1
179302038,25.98,1.3,1769906339521,1
179302039,25.981,0.3,1769906339749,0
179302040,25.98,10.9,1769906339911,1
179302041,25.979,8.7,1769906339911,1
179302042,25.978,4.2,1769906339911,1
179302043,25.977,3.5,1769906339911,1
179302044,25.976,6.7,1769906339911,1
179302045,25.975,5.2,1769906339911,1
179302046,25.974,26.3,1769906339911,1
179302047,25.973,9.1,1769906339911,1
179302048,25.972,4.4,1769906339911,1
179302049,25.971,9.9,1769906339911,1
179302050,25.97,13.8,1769906339911,1
179302051,25.969,14.0,1769906339911,1
179302052,25.976,0.8,1769906339914,1
179302053,25.97,5.1,1769906339914,1
179302054,25.968,7.5,1769906339914,1
179302055,25.976,0.8,1769906339916,1
179302056,25.968,0.7,1769906340045,0
179302057,25.969,0.5,1769906340045,0
179302058,25.97,1.6,1769906340045,0
179302059,25.971,2.3,1769906340045,0
179302060,25.972,2.9,1769906340045,0
179302061,25.973,4.4,1769906340045,0
179302062,25.974,1.5,1769906340045,0
179302063,25.97,0.5,1769906340153,0
179302064,25.969,8.4,1769906340154,1
179302065,25.968,2.9,1769906340154,1
179302066,25.967,1.0,1769906340219,1
179302067,25.966,1.2,1769906340219,1
179302068,25.966,0.7,1769906340412,0
179302069,25.967,7.7,1769906340412,0
179302070,25.968,11.4,1769906340412,0
179302071,25.969,1.2,1769906340412,0
179302072,25.97,15.3,1769906340412,0
179302073,25.971,2.6,1769906340419,0
179302074,25.97,7.0,1769906340562,1
179302075,25.97,23.6,1769906340682,1
179302076,25.969,0.5,1769906340682,1
179302077,25.968,0.5,1769906340684,1
179302078,25.967,37.5,1769906340686,1
179302079,25.966,1.2,1769906340686,1
179302080,25.966,0.2,1769906340939,0
179302081,25.965,1.4,1769906341031,1
179302082,25.963,40.7,1769906341035,1
179302083,25.962,1.2,1769906341035,1
179302084,25.961,0.5,1769906341036,1
179302085,25.96,1.9,1769906341036,1
179302086,25.959,0.7,1769906341037,1
179302087,25.958,0.5,1769906341037,1
179302088,25.957,1.2,1769906341037,1
179302089,25.956,1.2,1769906341037,1
179302090,25.955,0.5,1769906341040,1
179302091,25.954,0.9,1769906341053,1
179302092,25.953,0.5,1769906341054,1
179302093,25.952,0.8,1769906341119,1
179302094,25.953,8.5,1769906341152,0
179302095,25.952,0.3,1769906341200,1
179302096,25.951,1.2,1769906341200,1
179302097,25.949,1.6,1769906341200,1
179302098,25.948,0.8,1769906341200,1
179302099,25.95,0.4,1769906341271,0
179302100,25.948,0.4,1769906341284,1
179302101,25.947,0.7,1769906341288,1
179302102,25.948,0.7,1769906341290,0
179302103,25.947,0.2,1769906341295,1
179302104,25.947,0.4,1769906341328,0
179302105,25.947,8.1,1769906341512,0
179302106,25.948,0.5,1769906341512,0
179302107,25.949,0.2,1769906341512,0
179302108,25.949,1.2,1769906341684,0
179302109,25.948,0.6,1769906341870,1
179302110,25.949,0.3,1769906341996,0
179302111,25.948,0.5,1769906342017,1
179302112,25.947,0.5,1769906342017,1
179302113,25.946,9.8,1769906342018,1
179302114,25.945,1.2,1769906342018,1
179302115,25.944,0.8,1769906342086,1
179302116,25.943,0.6,1769906342140,0
179302117,25.943,6.6,1769906342819,0
179302118,25.942,0.3,1769906343056,1
179302119,25.943,11.8,1769906343127,0
179302120,25.944,0.5,1769906343133,0
179302121,25.946,0.5,1769906343148,0
179302122,25.948,1.2,1769906343182,0
179302123,25.949,1.9,1769906343183,0
179302124,25.949,1.0,1769906343203,1
179302125,25.949,14.9,1769906343364,1
179302126,25.948,29.5,1769906343364,1
179302127,25.947,0.5,1769906343366,1
179302128,25.946,0.5,1769906343366,1
179302129,25.945,20.6,1769906343366,1
179302130,25.944,0.5,1769906343366,1
179302131,25.943,2.0,1769906343366,1
179302132,25.942,31.3,1769906343366,1
179302133,25.941,2.1,1769906343366,1
179302134,25.94,0.5,1769906343367,1
179302135,25.939,3.4,1769906343367,1
179302136,25.941,19.4,1769906343369,1
179302137,25.938,0.5,1769906343369,1
179302138,25.937,4.7,1769906343369,1
179302139,25.936,4.5,1769906343369,1
179302140,25.935,47.7,1769906343369,1
179302141,25.936,1.1,1769906343374,1
179302142,25.934,5.4,1769906343374,1
179302143,25.933,1.2,1769906343374,1
179302144,25.933,4.3,1769906343379,0
179302145,25.934,3.0,1769906343379,0
179302146,25.933,4.1,1769906343380,0
179302147,25.934,14.3,1769906343380,0
179302148,25.935,4.7,1769906343387,0
179302149,25.936,5.4,1769906343394,0
179302150,25.942,2.7,1769906343404,0
179302151,25.943,1.3,1769906343408,0
179302152,25.943,7.3,1769906343437,1
179302153,25.942,4.3,1769906343438,1
179302154,25.941,14.0,1769906343438,1
179302155,25.94,0.5,1769906343446,1
179302156,25.94,4.9,1769906343477,0
179302157,25.941,0.5,1769906343477,0
179302158,25.942,0.5,1769906343478,0
179302159,25.943,5.4,1769906343481,0
179302160,25.943,3.8,1769906343588,1
179302161,25.943,26.0,1769906343719,1
179302162,25.942,0.9,1769906343719,1
179302163,25.942,3.9,1769906343872,1
179302164,25.942,3.2,1769906344148,1
179302165,25.941,0.5,1769906344194,1
179302166,25.94,2.9,1769906344194,1
179302167,25.939,1.2,1769906344194,1
179302168,25.938,0.5,1769906344194,1
179302169,25.937,0.5,1769906344194,1
179302170,25.936,5.1,1769906344194,1
179302171,25.935,19.9,1769906344194,1
179302172,25.934,4.1,1769906344194,1
179302173,25.933,2.6,1769906344194,1
179302174,25.935,4.4,1769906344216,1
179302175,25.934,0.6,1769906344216,1
179302176,25.935,8.9,1769906344248,0
179302177,25.935,0.2,1769906344371,0
179302178,25.935,0.2,1769906344658,0
179302179,25.935,6.1,1769906345023,1
179302180,25.934,5.4,1769906345023,1
179302181,25.933,0.5,1769906345023,1
179302182,25.932,7.2,1769906345023,1
179302183,25.934,0.5,1769906345128,0
179302184,25.935,1.5,1769906345128,0
179302185,25.936,5.9,1769906345158,0
179302186,25.937,3.5,1769906345172,0
179302187,25.938,1.8,1769906345172,0
179302188,25.937,0.3,1769906345190,1
179302189,25.939,5.4,1769906345251,0
179302190,25.94,5.4,1769906345253,0
179302191,25.941,0.7,1769906345261,0
179302192,25.942,0.2,1769906345294,0
179302193,25.943,9.2,1769906345294,0
179302194,25.944,16.3,1769906345298,0
179302195,25.945,2.6,1769906345298,0
179302196,25.946,0.6,1769906345331,0
179302197,25.947,0.7,1769906345343,0
179302198,25.948,4.9,1769906345377,0
179302199,25.949,1.4,1769906345380,0
179302200,25.95,22.6,1769906345382,0
179302201,25.951,1.7,1769906345382,0
179302202,25.952,5.7,1769906345382,0
179302203,25.953,0.9,1769906345382,0
179302204,25.954,25.7,1769906345382,0
179302205,25.955,0.7,1769906345382,0
179302206,25.956,4.9,1769906345423,0
179302207,25.957,13.9,1769906345458,0
179302208,25.958,1.4,1769906345458,0
179302209,25.959,1.6,1769906345458,0
179302210,25.96,19.1,1769906345482,0
179302211,25.961,0.9,1769906345526,0
179302212,25.962,1.6,1769906345526,0
179302213,25.963,6.4,1769906345526,0
179302214,25.964,3.8,1769906345526,0
179302215,25.965,24.2,1769906345526,0
179302216,25.966,9.4,1769906345526,0
179302217,25.967,23.2,1769906345526,0
179302218,25.968,22.6,1769906345526,0
179302219,25.967,1.7,1769906345530,1
179302220,25.961,3.3,1769906345534,1
179302221,25.96,5.7,1769906345534,1
179302222,25.959,9.6,1769906345534,1
179302223,25.96,2.8,1769906345569,0
179302224,25.959,1.0,1769906345605,1
179302225,25.959,0.4,1769906345748,1
179302226,25.958,2.9,1769906346048,0
179302227,25.957,3.5,1769906346051,1
179302228,25.958,1.0,1769906346136,0
179302229,25.957,41.6,1769906346143,1
179302230,25.956,0.5,1769906346145,1
179302231,25.955,0.5,1769906346145,1
179302232,25.954,1.2,1769906346147,1
179302233,25.953,0.5,1769906346147,1
179302234,25.952,1.3,1769906346147,1
179302235,25.953,0.8,1769906346175,1
179302236,25.951,5.0,1769906346365,1
179302237,25.95,0.5,1769906346365,1
179302238,25.949,0.5,1769906346370,1
179302239,25.948,0.7,1769906346371,1
179302240,25.947,1.2,1769906346431,1
179302241,25.946,21.9,1769906346433,1
179302242,25.945,3.5,1769906346435,1
179302243,25.944,0.5,1769906346516,1
179302244,25.944,0.4,1769906346546,0
179302245,25.943,1.0,1769906346873,1
179302246,25.941,0.5,1769906346882,1
179302247,25.94,3.4,1769906346882,1
179302248,25.94,56.7,1769906347053,1
179302249,25.94,5.0,1769906347133,0
179302250,25.939,0.4,1769906347165,1
179302251,25.939,0.3,1769906347387,1
179302252,25.939,17.4,1769906347691,1
179302253,25.938,0.5,1769906347717,1
179302254,25.937,0.5,1769906347717,1
179302255,25.936,0.8,1769906347717,1
179302256,25.935,1.0,1769906347717,1
179302257,25.934,0.5,1769906347717,1
179302258,25.933,1.6,1769906347719,1
179302259,25.932,7.5,1769906347719,1
179302260,25.933,1.8,1769906347851,1
179302261,25.934,0.3,1769906347918,0
179302262,25.933,5.6,1769906347918,1
179302263,25.932,1.8,1769906347918,1
179302264,25.931,1.3,1769906347931,1
179302265,25.93,3.0,1769906347931,1
179302266,25.933,0.3,1769906347976,1
179302267,25.932,14.0,1769906347976,1
179302268,25.929,2.3,1769906347984,1
179302269,25.929,3.8,1769906348143,0
179302270,25.929,0.2,1769906348296,0
179302271,25.929,0.3,1769906348822,0
179302272,25.929,7.8,1769906348968,0
179302273,25.93,0.5,1769906348969,0
179302274,25.931,0.5,1769906348970,0
179302275,25.932,0.5,1769906348977,0
179302276,25.933,1.9,1769906348977,0
179302277,25.934,8.3,1769906349052,0
179302278,25.935,0.5,1769906349077,0
179302279,25.936,1.2,1769906349078,0
179302280,25.937,0.5,1769906349086,0
179302281,25.939,0.7,1769906349101,0
179302282,25.94,1.1,1769906349102,0
179302283,25.94,0.5,1769906349134,1
179302284,25.941,0.8,1769906349188,0
179302285,25.941,1.9,1769906349210,1
179302286,25.942,12.9,1769906349230,0
179302287,25.943,0.5,1769906349230,0
179302288,25.944,0.5,1769906349230,0
179302289,25.945,2.0,1769906349230,0
179302290,25.946,5.4,1769906349230,0
179302291,25.947,0.7,1769906349230,0
179302292,25.948,1.7,1769906349230,0
179302293,25.949,34.2,1769906349230,0
179302294,25.95,0.9,1769906349230,0
179302295,25.95,2.4,1769906349238,1
179302296,25.943,8.0,1769906349778,1
179302297,25.943,9.8,1769906349862,0
179302298,25.944,1.7,1769906349862,0
179302299,25.943,0.3,1769906350006,0
179302300,25.944,3.5,1769906350042,0
179302301,25.945,0.5,1769906350042,0
179302302,25.946,0.5,1769906350042,0
179302303,25.947,7.1,1769906350042,0
179302304,25.946,0.5,1769906350101,1
179302305,25.945,0.5,1769906350186,1
179302306,25.945,0.5,1769906350609,0
179302307,25.946,0.5,1769906350613,0
179302308,25.947,8.3,1769906350615,0
179302309,25.948,1.2,1769906350617,0
179302310,25.949,0.5,1769906350617,0
179302311,25.949,10.8,1769906350837,1
179302312,25.948,0.5,1769906350837,1
179302313,25.947,0.5,1769906350837,1
179302314,25.948,0.9,1769906351068,0
179302315,25.949,2.4,1769906351072,1
179302316,25.95,0.9,1769906351157,0
179302317,25.951,0.7,1769906351159,0
179302318,25.952,0.6,1769906351177,0
179302319,25.952,0.2,1769906351374,0
179302320,25.954,2.0,1769906351374,0
179302321,25.954,10.7,1769906352051,0
179302322,25.955,0.5,1769906352059,0
179302323,25.955,0.2,1769906352091,1
179302324,25.956,0.3,1769906352297,0
179302325,25.955,4.1,1769906352623,1
179302326,25.956,24.0,1769906352751,0
179302327,25.957,2.0,1769906352751,0
179302328,25.958,4.2,1769906352751,0
179302329,25.959,2.1,1769906352751,0
179302330,25.96,6.4,1769906352751,0
179302331,25.961,0.9,1769906352751,0
179302332,25.962,17.8,1769906352751,0
179302333,25.963,3.7,1769906352751,0
179302334,25.964,26.3,1769906352751,0
179302335,25.965,0.7,1769906352751,0
179302336,25.966,7.1,1769906352751,0
179302337,25.967,10.1,1769906352751,0
179302338,25.968,47.3,1769906352751,0
179302339,25.969,75.7,1769906352752,0
179302340,25.966,0.3,1769906352754,0
179302341,25.966,0.3,1769906352868,0
179302342,25.965,1.3,1769906353027,1
179302343,25.964,20.1,1769906353259,1
179302344,25.963,0.5,1769906353262,1
179302345,25.962,0.5,1769906353264,1
179302346,25.961,0.5,1769906353271,1
179302347,25.96,1.2,1769906353271,1
179302348,25.959,0.5,1769906353272,1
179302349,25.958,0.5,1769906353272,1
179302350,25.957,1.6,1769906353272,1
179302351,25.956,23.3,1769906353273,1
179302352,25.955,6.4,1769906353273,1
179302353,25.954,34.6,1769906353273,1
179302354,25.953,9.8,1769906353273,1
179302355,25.956,0.8,1769906353334,1
179302356,25.954,0.5,1769906353339,1
179302357,25.953,0.5,1769906353339,1
179302358,25.952,14.9,1769906353339,1
179302359,25.951,7.3,1769906353339,1
179302360,25.953,1.5,1769906353455,0
179302361,25.955,0.5,1769906353554,0
179302362,25.959,2.7,1769906353896,0
179302363,25.958,8.5,1769906353928,1
179302364,25.959,6.9,1769906354073,0
179302365,25.96,0.5,1769906354075,0
179302366,25.96,7.4,1769906354078,1
179302367,25.959,31.8,1769906354078,1
179302368,25.958,59.8,1769906354078,1
179302369,25.96,0.9,1769906354081,1
179302370,25.959,1.1,1769906354081,1
179302371,25.958,38.3,1769906354081,1
179302372,25.957,0.5,1769906354082,1
179302373,25.956,0.5,1769906354082,1
179302374,25.955,1.7,1769906354082,1
179302375,25.954,8.4,1769906354082,1
179302376,25.953,0.8,1769906354095,1
179302377,25.952,1.3,1769906354095,1
179302378,25.951,2.1,1769906354097,1
179302379,25.95,0.5,1769906354097,1
179302380,25.949,1.2,1769906354097,1
179302381,25.948,0.1,1769906354097,1
179302382,25.951,1.9,1769906354163,1
179302383,25.95,0.5,1769906354172,1
179302384,25.949,0.5,1769906354172,1
179302385,25.948,1.0,1769906354172,1
179302386,25.949,0.3,1769906354231,0
179302387,25.95,0.5,1769906354405,0
179302388,25.951,4.5,1769906354937,0
179302389,25.952,3.5,1769906354937,0
179302390,25.953,3.5,1769906354937,0
179302391,25.954,1.2,1769906354937,0
179302392,25.955,4.3,1769906354937,0
179302393,25.954,2.4,1769906354973,1
179302394,25.95,4.1,1769906355177,1
179302395,25.951,17.8,1769906355436,0
179302396,25.952,6.4,1769906355436,0
179302397,25.953,3.5,1769906355436,0
179302398,25.954,6.2,1769906355436,0
179302399,25.955,8.4,1769906355436,0
179302400,25.956,3.5,1769906355436,0
179302401,25.957,6.1,1769906355436,0
179302402,25.958,0.5,1769906355436,0
179302403,25.959,7.9,1769906355436,0
179302404,25.96,12.7,1769906355436,0
179302405,25.961,3.3,1769906355436,0
179302406,25.962,23.0,1769906355436,0
179302407,25.963,4.8,1769906355436,0
179302408,25.955,3.0,1769906355453,1
179302409,25.953,2.5,1769906355453,1
179302410,25.958,0.6,1769906355542,0
179302411,25.957,3.9,1769906355644,1
179302412,25.957,3.7,1769906355740,0
179302413,25.958,3.7,1769906355863,0
179302414,25.959,0.5,1769906355870,0
179302415,25.96,0.7,1769906355870,0
179302416,25.961,0.5,1769906355872,0
179302417,25.962,0.5,1769906355908,0
179302418,25.964,0.5,1769906356040,0
179302419,25.966,4.2,1769906356125,0
179302420,25.967,0.5,1769906356125,0
179302421,25.968,9.8,1769906356125,0
179302422,25.969,4.7,1769906356125,0
179302423,25.968,7.8,1769906356177,1
179302424,25.967,0.5,1769906356188,1
179302425,25.966,0.9,1769906356484,1
179302426,25.967,0.4,1769906356795,0
179302427,25.966,10.9,1769906357024,1
179302428,25.966,0.4,1769906357290,1
179302429,25.966,44.9,1769906357642,1
179302430,25.965,5.1,1769906357643,1
179302431,25.964,0.5,1769906357643,1
179302432,25.964,0.6,1769906357749,0
179302433,25.963,1.2,1769906357888,1
179302434,25.963,7.6,1769906358564,1
179302435,25.962,0.5,1769906358578,1
179302436,25.961,3.0,1769906358579,1
179302437,25.96,22.5,1769906358579,1
179302438,25.959,0.5,1769906358580,1
179302439,25.958,0.5,1769906358580,1
179302440,25.957,4.9,1769906358706,1
179302441,25.956,2.3,1769906358706,1
179302442,25.956,0.7,1769906358742,0
179302443,25.955,1.1,1769906359284,1
179302444,25.955,0.2,1769906359693,1
179302445,25.956,0.7,1769906359827,0
179302446,25.956,1.8,1769906361191,0
179302447,25.955,3.9,1769906361489,1
179302448,25.956,1.0,1769906361754,0
179302449,25.956,18.2,1769906362041,1
179302450,25.955,19.0,1769906362116,1
179302451,25.954,0.5,1769906362121,1
179302452,25.953,3.1,1769906362121,1
179302453,25.952,6.5,1769906362125,1
179302454,25.951,23.2,1769906362125,1
179302455,25.95,0.5,1769906362189,1
179302456,25.949,0.7,1769906362189,1
179302457,25.948,1.5,1769906362189,1
179302458,25.947,10.9,1769906362228,1
179302459,25.946,10.2,1769906362264,1
179302460,25.945,0.3,1769906362272,0
179302461,25.944,0.2,1769906362800,1
179302462,25.945,0.2,1769906362925,0
179302463,25.946,0.7,1769906363011,0
179302464,25.947,0.7,1769906363012,0
179302465,25.948,1.2,1769906363115,0
179302466,25.95,0.5,1769906363250,0
179302467,25.951,9.0,1769906363298,0
179302468,25.952,0.5,1769906363300,0
179302469,25.953,0.5,1769906363300,0
179302470,25.954,1.2,1769906363300,0
179302471,25.955,0.4,1769906363328,0
179302472,25.955,9.5,1769906363646,0
179302473,25.955,1.0,1769906363814,0
179302474,25.954,0.2,1769906363837,1
179302475,25.955,1.4,1769906364355,0
179302476,25.956,0.5,1769906364357,0
179302477,25.957,0.5,1769906364383,0
179302478,25.956,14.5,1769906364412,1
179302479,25.955,0.5,1769906364505,1
179302480,25.954,18.3,1769906364506,1
179302481,25.953,0.5,1769906364507,1
179302482,25.952,0.5,1769906364514,1
179302483,25.952,11.7,1769906364735,0
179302484,25.953,3.5,1769906364735,0
179302485,25.954,3.5,1769906364735,0
179302486,25.955,10.3,1769906364735,0
179302487,25.956,10.3,1769906364735,0
179302488,25.957,35.5,1769906364735,0
179302489,25.958,9.7,1769906364735,0
179302490,25.959,41.7,1769906364735,0
179302491,25.96,4.4,1769906364735,0
179302492,25.959,0.5,1769906364745,1
179302493,25.958,8.3,1769906364949,0
179302494,25.959,0.5,1769906364949,0
179302495,25.96,0.8,1769906364949,0
179302496,25.961,7.0,1769906364949,0
179302497,25.961,12.8,1769906365005,1
179302498,25.96,11.7,1769906365005,1
179302499,25.959,5.4,1769906365005,1
179302500,25.958,9.6,1769906365005,1
179302501,25.957,8.1,1769906365005,1
179302502,25.956,12.9,1769906365005,1
179302503,25.959,12.4,1769906365155,0
179302504,25.96,12.7,1769906365155,0
179302505,25.961,14.7,1769906365155,0
179302506,25.962,40.9,1769906365155,0
179302507,25.96,1.4,1769906365198,1
179302508,25.959,0.5,1769906365198,1
179302509,25.958,0.8,1769906365558,1
179302510,25.956,1.1,1769906365558,1
179302511,25.956,0.4,1769906365664,0
179302512,25.956,1.6,1769906365839,1
179302513,25.955,0.2,1769906366010,1
179302514,25.955,1.4,1769906366176,1
179302515,25.956,8.5,1769906366260,0
179302516,25.956,2.9,1769906366437,1
179302517,25.957,0.5,1769906366489,0
179302518,25.959,0.5,1769906366527,0
179302519,25.96,0.6,1769906366652,0
179302520,25.959,3.5,1769906367335,1
179302521,25.958,2.8,1769906367335,1
179302522,25.957,0.5,1769906367363,1
179302523,25.955,4.3,1769906367386,1
179302524,25.954,0.5,1769906367492,1
179302525,25.952,0.8,1769906367492,1
179302526,25.951,0.5,1769906367496,1
179302527,25.949,4.5,1769906367498,1
179302528,25.949,0.8,1769906367703,0
179302529,25.948,2.8,1769906368093,1
179302530,25.949,6.9,1769906368722,0
179302531,25.95,0.5,1769906368724,0
179302532,25.951,0.5,1769906368724,0
179302533,25.952,0.5,1769906368745,0
179302534,25.954,0.6,1769906368773,0
179302535,25.953,1.5,1769906368839,1
179302536,25.954,3.7,1769906368936,0
179302537,25.954,10.1,1769906369636,0
179302538,25.955,0.5,1769906369636,0
179302539,25.956,3.5,1769906369636,0
179302540,25.957,2.0,1769906369636,0
179302541,25.956,2.2,1769906369733,1
179302542,25.957,36.5,1769906369948,0
179302543,25.958,0.5,1769906369951,0
179302544,25.959,0.5,1769906369951,0
179302545,25.96,8.9,1769906369951,0
179302546,25.961,0.9,1769906370000,0
179302547,25.96,2.4,1769906370062,1
179302548,25.959,3.5,1769906370062,1
179302549,25.958,0.5,1769906370062,1
179302550,25.957,1.2,1769906370062,1
179302551,25.956,12.9,1769906370062,1
179302552,25.955,3.5,1769906370063,1
179302553,25.954,0.6,1769906370063,1
179302554,25.955,4.1,1769906370263,1
179302555,25.955,14.0,1769906370589,1
179302556,25.954,3.1,1769906370589,1
179302557,25.953,14.0,1769906370589,1
179302558,25.952,5.4,1769906370589,1
179302559,25.951,25.4,1769906370589,1
179302560,25.95,6.6,1769906370589,1
179302561,25.949,9.3,1769906370589,1
179302562,25.948,12.2,1769906370589,1
179302563,25.947,1.8,1769906370589,1
179302564,25.946,1.8,1769906370589,1
179302565,25.945,1.6,1769906370589,1
179302566,25.944,7.2,1769906370594,1
179302567,25.943,0.5,1769906370605,1
179302568,25.942,2.1,1769906370605,1
179302569,25.941,2.0,1769906370698,1
179302570,25.94,0.3,1769906370698,1
179302571,25.939,1.2,1769906370698,1
179302572,25.938,0.9,1769906370735,1
179302573,25.938,0.6,1769906370957,0
179302574,25.937,3.5,1769906370973,1
179302575,25.936,2.2,1769906370973,1
179302576,25.935,0.5,1769906370973,1
179302577,25.934,3.1,1769906370973,1
179302578,25.933,1.2,1769906370973,1
179302579,25.932,1.2,1769906370973,1
179302580,25.931,1.3,1769906370973,1
179302581,25.93,2.0,1769906370973,1
179302582,25.932,0.2,1769906371276,1
179302583,25.933,2.8,1769906371537,0
179302584,25.934,6.8,1769906371607,0
179302585,25.935,0.5,1769906371609,0
179302586,25.936,0.5,1769906371704,0
179302587,25.938,0.6,1769906372089,0
179302588,25.937,10.7,1769906372675,1
179302589,25.938,5.7,1769906372777,0
179302590,25.937,3.9,1769906373200,1
179302591,25.938,0.4,1769906373254,0
179302592,25.938,5.1,1769906373408,0
179302593,25.939,2.5,1769906373409,0
179302594,25.94,27.8,1769906373412,0
179302595,25.94,10.0,1769906373651,1
179302596,25.94,38.4,1769906374156,1
179302597,25.939,0.5,1769906374163,1
179302598,25.938,0.5,1769906374213,1
179302599,25.937,2.6,1769906374243,1
179302600,25.936,0.7,1769906374244,1
179302601,25.935,0.5,1769906374244,1
179302602,25.934,0.5,1769906374271,1
179302603,25.933,0.5,1769906374271,1
179302604,25.932,1.0,1769906374275,1
179302605,25.933,0.4,1769906374473,0
179302606,25.933,11.2,1769906374880,0
179302607,25.934,0.5,1769906374880,0
179302608,25.935,0.5,1769906374880,0
179302609,25.936,3.7,1769906374881,0
179302610,25.937,0.5,1769906374882,0
179302611,25.938,3.6,1769906375505,0
179302612,25.938,5.1,1769906375696,0
179302613,25.938,5.3,1769906375983,1
179302614,25.938,3.9,1769906376121,1
179302615,25.938,1.0,1769906376248,1
179302616,25.939,13.2,1769906376253,0
179302617,25.94,0.5,1769906376253,0
179302618,25.941,8.7,1769906376253,0
179302619,25.942,1.2,1769906376253,0
179302620,25.943,3.5,1769906376253,0
179302621,25.944,15.1,1769906376253,0
179302622,25.945,80.2,1769906376253,0
179302623,25.946,0.7,1769906376253,0
179302624,25.947,5.4,1769906376253,0
179302625,25.948,1.4,1769906376253,0
179302626,25.947,0.5,1769906376264,1
179302627,25.945,0.8,1769906376369,0
179302628,25.946,0.5,1769906376372,0
179302629,25.948,1.5,1769906376427,0
179302630,25.95,0.5,1769906376427,0
179302631,25.95,13.6,1769906376502,1
179302632,25.949,2.4,1769906376516,1
179302633,25.948,5.0,1769906376516,1
179302634,25.951,6.1,1769906376547,0
179302635,25.952,0.8,1769906376647,0
179302636,25.953,0.5,1769906376647,0
179302637,25.954,4.2,1769906376647,0
179302638,25.955,13.5,1769906376649,0
179302639,25.956,8.8,1769906376694,0
179302640,25.957,0.5,1769906376697,0
179302641,25.958,0.6,1769906376697,0
179302642,25.957,1.0,1769906376753,1
179302643,25.957,1.0,1769906377005,1
179302644,25.957,4.7,1769906377107,1
179302645,25.957,21.0,1769906377263,1
179302646,25.957,11.6,1769906377376,1
179302647,25.956,0.5,1769906377378,1
179302648,25.954,11.1,1769906377457,1
179302649,25.955,0.4,1769906377792,0
179302650,25.955,3.7,1769906378023,0
179302651,25.956,0.9,1769906378025,0
179302652,25.956,2.7,1769906378352,1
179302653,25.956,11.8,1769906378714,1
179302654,25.955,0.5,1769906378714,1
179302655,25.954,7.0,1769906378714,1
179302656,25.955,0.8,1769906378927,0
179302657,25.954,4.2,1769906379017,1
179302658,25.954,10.8,1769906379257,1
179302659,25.953,5.3,1769906379257,1
179302660,25.952,4.3,1769906379257,1
179302661,25.951,3.6,1769906379257,1
179302662,25.95,0.2,1769906379556,1
179302663,25.951,4.6,1769906379612,0
179302664,25.95,0.7,1769906379740,1
179302665,25.951,9.4,1769906379852,0
179302666,25.952,0.5,1769906379853,0
179302667,25.953,0.5,1769906379854,0
179302668,25.954,4.2,1769906379854,0
179302669,25.955,0.5,1769906379854,0
179302670,25.956,0.5,1769906379854,0
179302671,25.957,1.6,1769906379854,0
179302672,25.958,10.7,1769906379854,0
179302673,25.959,0.5,1769906379934,0
179302674,25.96,1.0,1769906379936,0
179302675,25.961,1.1,1769906380035,0
179302676,25.961,0.2,1769906380262,1
179302677,25.961,11.0,1769906380936,1
179302678,25.96,6.2,1769906380936,1
179302679,25.959,1.9,1769906380936,1
179302680,25.958,11.6,1769906380936,1
179302681,25.957,26.7,1769906380936,1
179302682,25.956,0.5,1769906380936,1
179302683,25.955,9.0,1769906380936,1
179302684,25.954,12.2,1769906380936,1
179302685,25.953,32.1,1769906380936,1
179302686,25.952,14.4,1769906380936,1
179302687,25.951,14.2,1769906380936,1
179302688,25.95,9.3,1769906380936,1
179302689,25.949,43.2,1769906380936,1
179302690,25.951,2.4,1769906380938,1
179302691,25.952,0.9,1769906381061,0
179302692,25.951,4.5,1769906381076,1
179302693,25.95,0.5,1769906381081,1
179302694,25.949,0.5,1769906381088,1
179302695,25.948,0.8,1769906381091,1
