trade_id,price,qty,timestamp,is_buyer_maker
179956747,19.726,0.6,1769922006547,0
179956748,19.727,11.1,1769922006547,0
179956749,19.729,5.6,1769922006597,1
179956750,19.728,2.9,1769922006681,1
179956751,19.73,4.5,1769922006792,0
179956752,19.731,0.6,1769922006799,0
179956753,19.731,3.1,1769922006851,1
179956754,19.73,0.6,1769922006858,1
179956755,19.73,29.4,1769922006867,0
179956756,19.731,4.2,1769922006877,0
179956757,19.73,13.1,1769922006944,1
179956758,19.729,0.6,1769922006946,1
179956759,19.728,0.6,1769922006946,1
179956760,19.727,1.5,1769922006946,1
179956761,19.726,0.6,1769922006947,1
179956762,19.725,1.5,1769922006947,1
179956763,19.724,0.6,1769922006953,1
179956764,19.723,1.5,1769922006953,1
179956765,19.722,0.9,1769922006953,1
179956766,19.721,1.8,1769922006953,1
179956767,19.72,0.9,1769922006953,1
179956768,19.719,2.2,1769922006953,1
179956769,19.718,3.0,1769922006957,1
179956770,19.717,33.9,1769922006957,1
179956771,19.719,3.9,1769922006981,0
179956772,19.718,10.2,1769922006992,0
179956773,19.718,4.2,1769922007134,1
179956774,19.717,7.6,1769922007134,1
179956775,19.716,1.7,1769922007134,1
179956776,19.715,6.2,1769922007134,1
179956777,19.714,5.6,1769922007134,1
179956778,19.713,2.5,1769922007142,1
179956779,19.712,2.0,1769922007142,1
179956780,19.711,1.8,1769922007143,1
179956781,19.71,1.8,1769922007146,1
179956782,19.709,1.8,1769922007168,1
179956783,19.708,0.9,1769922007168,1
179956784,19.707,2.4,1769922007203,1
179956785,19.706,1.2,1769922007206,1
179956786,19.705,1.5,1769922007206,1
179956787,19.704,5.0,1769922007206,1
179956788,19.703,4.0,1769922007206,1
179956789,19.702,2.1,1769922007206,1
179956790,19.701,3.5,1769922007206,1
179956791,19.7,113.9,1769922007206,1
179956792,19.699,2.1,1769922007212,1
179956793,19.698,4.5,1769922007213,1
179956794,19.698,5.0,1769922007219,0
179956795,19.7,0.9,1769922007231,0
179956796,19.701,4.8,1769922007257,0
179956797,19.7,2.9,1769922007295,0
179956798,19.701,7.2,1769922007295,0
179956799,19.702,2.9,1769922007295,0
179956800,19.699,0.6,1769922007330,1
179956801,19.698,0.6,1769922007330,1
179956802,19.697,8.5,1769922007330,1
179956803,19.696,0.6,1769922007330,1
179956804,19.695,10.8,1769922007330,1
179956805,19.699,5.9,1769922007370,0
179956806,19.7,0.6,1769922007379,0
179956807,19.701,0.6,1769922007379,0
179956808,19.703,4.4,1769922007379,0
179956809,19.704,1.4,1769922007379,0
179956810,19.699,0.7,1769922007408,1
179956811,19.701,1.0,1769922007443,0
179956812,19.701,3.2,1769922007457,1
179956813,19.701,0.6,1769922007473,0
179956814,19.702,0.6,1769922007473,0
179956815,19.703,1.2,1769922007473,0
179956816,19.699,12.1,1769922007518,1
179956817,19.698,35.4,1769922007518,1
179956818,19.697,1.5,1769922007518,1
179956819,19.696,0.6,1769922007518,1
179956820,19.695,1.5,1769922007518,1
179956821,19.694,3.5,1769922007518,1
179956822,19.693,12.6,1769922007518,1
179956823,19.692,23.2,1769922007518,1
179956824,19.691,9.6,1769922007518,1
179956825,19.696,5.0,1769922007522,0
179956826,19.699,6.1,1769922007582,0
179956827,19.7,5.7,1769922007582,0
179956828,19.701,9.8,1769922007582,0
179956829,19.695,0.8,1769922007638,0
179956830,19.697,0.6,1769922007638,0
179956831,19.698,0.6,1769922007638,0
179956832,19.699,0.6,1769922007638,0
179956833,19.7,2.6,1769922007638,0
179956834,19.693,6.4,1769922007734,1
179956835,19.692,11.1,1769922007736,1
179956836,19.691,382.3,1769922007736,1
179956837,19.69,1.5,1769922007737,1
179956838,19.689,1.5,1769922007737,1
179956839,19.688,122.4,1769922007737,1
179956840,19.687,3.6,1769922007739,1
179956841,19.686,2.1,1769922007741,1
179956842,19.685,67.9,1769922007742,1
179956843,19.684,1.2,1769922007758,1
179956844,19.684,11.6,1769922007777,0
179956845,19.683,2.2,1769922007780,1
179956846,19.682,0.9,1769922007780,1
179956847,19.681,21.9,1769922007780,1
179956848,19.682,17.3,1769922007836,1
179956849,19.685,0.4,1769922007910,0
179956850,19.685,19.2,1769922008038,0
179956851,19.686,4.5,1769922008044,0
179956852,19.687,6.7,1769922008049,0
179956853,19.687,2.9,1769922008158,0
179956854,19.686,0.6,1769922008183,1
179956855,19.685,100.1,1769922008183,1
179956856,19.684,1.6,1769922008189,1
179956857,19.685,7.7,1769922008194,0
179956858,19.686,8.5,1769922008194,0
179956859,19.687,0.6,1769922008228,0
179956860,19.685,0.2,1769922008261,1
179956861,19.687,0.4,1769922008285,0
179956862,19.686,7.4,1769922008377,0
179956863,19.687,5.5,1769922008377,0
179956864,19.688,11.7,1769922008377,0
179956865,19.689,11.5,1769922008377,0
179956866,19.69,25.7,1769922008377,0
179956867,19.691,8.5,1769922008377,0
179956868,19.692,19.6,1769922008377,0
179956869,19.693,20.0,1769922008377,0
179956870,19.694,36.8,1769922008377,0
179956871,19.687,1.0,1769922008417,0
179956872,19.691,4.5,1769922008439,0
179956873,19.692,4.2,1769922008439,0
179956874,19.693,3.9,1769922008439,0
179956875,19.694,4.1,1769922008439,0
179956876,19.695,12.1,1769922008439,0
179956877,19.696,1.2,1769922008439,0
179956878,19.697,0.3,1769922008441,0
179956879,19.694,8.0,1769922008535,1
179956880,19.693,5.6,1769922008563,1
179956881,19.692,4.2,1769922008563,1
179956882,19.691,6.5,1769922008563,1
179956883,19.69,4.5,1769922008606,1
179956884,19.695,4.0,1769922008627,1
179956885,19.691,0.9,1769922008636,1
179956886,19.69,9.9,1769922008636,1
179956887,19.689,1.5,1769922008636,1
179956888,19.688,0.6,1769922008642,1
179956889,19.688,2.5,1769922008673,0
179956890,19.689,0.6,1769922008673,0
179956891,19.69,0.6,1769922008673,0
179956892,19.692,21.6,1769922008673,0
179956893,19.691,0.6,1769922008696,0
179956894,19.692,8.4,1769922008696,0
179956895,19.689,2.9,1769922008779,1
179956896,19.688,4.2,1769922008779,1
179956897,19.687,17.9,1769922008779,1
179956898,19.689,2.1,1769922008861,0
179956899,19.687,23.4,1769922008903,1
179956900,19.686,0.6,1769922008941,1
179956901,19.685,54.5,1769922009006,1
179956902,19.684,11.1,1769922009012,1
179956903,19.683,22.0,1769922009035,1
179956904,19.682,11.3,1769922009035,1
179956905,19.681,4.9,1769922009035,1
179956906,19.684,7.9,1769922009047,0
179956907,19.685,15.0,1769922009047,0
179956908,19.683,6.3,1769922009076,0
179956909,19.684,14.2,1769922009076,0
179956910,19.685,8.0,1769922009076,0
179956911,19.686,34.5,1769922009076,0
179956912,19.681,28.5,1769922009102,1
179956913,19.68,3.1,1769922009110,1
179956914,19.679,4.6,1769922009110,1
179956915,19.678,7.0,1769922009110,1
179956916,19.681,1.2,1769922009137,0
179956917,19.682,6.4,1769922009137,0
179956918,19.683,11.6,1769922009137,0
179956919,19.684,6.1,1769922009137,0
179956920,19.683,0.3,1769922009205,1
179956921,19.685,1.5,1769922009211,0
179956922,19.686,0.9,1769922009211,0
179956923,19.684,14.7,1769922009218,1
179956924,19.683,4.1,1769922009280,1
179956925,19.682,0.6,1769922009297,1
179956926,19.681,6.7,1769922009297,1
179956927,19.68,0.6,1769922009297,1
179956928,19.679,4.3,1769922009297,1
179956929,19.678,3.6,1769922009312,1
179956930,19.677,6.5,1769922009312,1
179956931,19.682,7.2,1769922009331,0
179956932,19.677,18.2,1769922009412,1
179956933,19.68,0.6,1769922009443,0
179956934,19.681,0.6,1769922009456,0
179956935,19.682,0.6,1769922009457,0
179956936,19.682,6.5,1769922009461,1
179956937,19.681,12.9,1769922009464,1
179956938,19.68,7.1,1769922009464,1
179956939,19.681,2.9,1769922009487,1
179956940,19.68,2.8,1769922009500,1
179956941,19.679,0.6,1769922009546,1
179956942,19.679,4.2,1769922009559,0
179956943,19.68,2.9,1769922009559,0
179956944,19.681,2.5,1769922009592,0
179956945,19.678,2.7,1769922009655,1
179956946,19.679,2.0,1769922009714,1
179956947,19.678,12.9,1769922009742,1
179956948,19.677,187.5,1769922009743,1
179956949,19.676,0.9,1769922009781,1
179956950,19.675,1.2,1769922009781,1
179956951,19.674,1.4,1769922009781,1
179956952,19.673,2.7,1769922009782,1
179956953,19.672,4.4,1769922009847,1
179956954,19.673,4.8,1769922009943,0
179956955,19.672,91.8,1769922009960,1
179956956,19.671,2.2,1769922009990,1
179956957,19.67,5.6,1769922009990,1
179956958,19.669,1.8,1769922009991,1
179956959,19.668,1.8,1769922009991,1
179956960,19.667,0.9,1769922009991,1
179956961,19.666,74.9,1769922009991,1
179956962,19.665,1.9,1769922009992,1
179956963,19.664,12.9,1769922009992,1
179956964,19.663,0.3,1769922009993,1
179956965,19.664,7.8,1769922009996,1
179956966,19.663,39.5,1769922010001,1
179956967,19.665,1.5,1769922010019,0
179956968,19.663,48.5,1769922010024,1
179956969,19.662,2.4,1769922010069,1
179956970,19.661,1.5,1769922010075,1
179956971,19.66,1.2,1769922010075,1
179956972,19.659,0.6,1769922010075,1
179956973,19.658,38.4,1769922010078,1
179956974,19.657,2.4,1769922010082,1
179956975,19.656,3.5,1769922010082,1
179956976,19.655,5.1,1769922010082,1
179956977,19.654,2.3,1769922010082,1
179956978,19.653,0.6,1769922010082,1
179956979,19.657,0.6,1769922010116,1
179956980,19.656,0.6,1769922010116,1
179956981,19.654,4.2,1769922010116,1
179956982,19.653,9.2,1769922010116,1
179956983,19.652,1.3,1769922010125,1
179956984,19.651,1.8,1769922010125,1
179956985,19.65,15.1,1769922010125,1
179956986,19.654,4.2,1769922010140,0
179956987,19.655,2.4,1769922010187,0
179956988,19.654,1.0,1769922010197,1
179956989,19.652,0.6,1769922010197,1
179956990,19.651,1.5,1769922010197,1
179956991,19.65,33.3,1769922010197,1
179956992,19.651,0.6,1769922010241,1
179956993,19.65,36.8,1769922010241,1
179956994,19.651,3.0,1769922010249,0
179956995,19.652,6.5,1769922010251,0
179956996,19.653,66.6,1769922010251,0
179956997,19.652,1.0,1769922010261,0
179956998,19.653,58.2,1769922010261,0
179956999,19.652,0.6,1769922010263,0
179957000,19.651,13.6,1769922010264,1
179957001,19.651,2.4,1769922010277,0
179957002,19.653,1.0,1769922010280,0
179957003,19.654,1.0,1769922010286,0
179957004,19.654,0.4,1769922010308,1
179957005,19.655,0.9,1769922010334,0
179957006,19.655,0.6,1769922010344,1
179957007,19.654,2.4,1769922010344,1
179957008,19.653,2.2,1769922010345,1
179957009,19.653,0.6,1769922010395,0
179957010,19.652,23.9,1769922010412,1
179957011,19.651,6.2,1769922010449,1
179957012,19.65,218.8,1769922010449,1
179957013,19.649,1.6,1769922010451,1
179957014,19.648,2.5,1769922010451,1
179957015,19.647,1.4,1769922010451,1
179957016,19.646,2.5,1769922010451,1
179957017,19.645,54.9,1769922010452,1
179957018,19.644,1.2,1769922010455,1
179957019,19.643,0.9,1769922010459,1
179957020,19.642,4.9,1769922010459,1
179957021,19.641,1.8,1769922010459,1
179957022,19.64,2.6,1769922010461,1
179957023,19.639,1.2,1769922010461,1
179957024,19.638,1.2,1769922010464,1
179957025,19.637,5.5,1769922010464,1
179957026,19.636,1.0,1769922010464,1
179957027,19.635,10.8,1769922010465,1
179957028,19.634,7.6,1769922010465,1
179957029,19.633,23.0,1769922010465,1
179957030,19.634,46.3,1769922010469,1
179957031,19.633,57.4,1769922010469,1
179957032,19.632,1.9,1769922010470,1
179957033,19.631,3.1,1769922010470,1
179957034,19.63,100.5,1769922010471,1
179957035,19.629,0.6,1769922010475,1
179957036,19.628,0.9,1769922010476,1
179957037,19.627,0.6,1769922010480,1
179957038,19.628,2.5,1769922010486,0
179957039,19.629,6.7,1769922010487,0
179957040,19.631,0.4,1769922010488,0
179957041,19.632,5.8,1769922010490,0
179957042,19.633,6.7,1769922010490,0
179957043,19.634,0.6,1769922010492,0
179957044,19.635,1.6,1769922010492,0
179957045,19.634,7.5,1769922010495,0
179957046,19.635,4.6,1769922010498,0
179957047,19.633,4.2,1769922010505,1
179957048,19.632,1.1,1769922010505,1
179957049,19.631,12.9,1769922010505,1
179957050,19.632,1.5,1769922010508,1
179957051,19.635,1.0,1769922010512,0
179957052,19.636,8.8,1769922010512,0
179957053,19.637,10.3,1769922010515,0
179957054,19.638,7.1,1769922010517,0
179957055,19.639,6.6,1769922010518,0
179957056,19.64,14.0,1769922010518,0
179957057,19.641,13.2,1769922010520,0
179957058,19.642,1.5,1769922010523,0
179957059,19.643,8.0,1769922010527,0
179957060,19.645,3.6,1769922010527,0
179957061,19.646,0.3,1769922010544,0
179957062,19.644,0.6,1769922010545,1
179957063,19.643,5.5,1769922010545,1
179957064,19.644,6.8,1769922010555,0
179957065,19.645,0.9,1769922010558,0
179957066,19.646,205.8,1769922010558,0
179957067,19.647,1.5,1769922010558,0
179957068,19.648,2.1,1769922010558,0
179957069,19.649,1.5,1769922010558,0
179957070,19.65,8.4,1769922010558,0
179957071,19.651,4.6,1769922010559,0
179957072,19.652,3.3,1769922010559,0
179957073,19.653,15.3,1769922010559,0
179957074,19.654,57.7,1769922010559,0
179957075,19.655,14.3,1769922010559,0
179957076,19.653,1.0,1769922010562,0
179957077,19.656,6.5,1769922010562,0
179957078,19.657,1.5,1769922010570,0
179957079,19.658,1.5,1769922010570,0
179957080,19.659,1.5,1769922010570,0
179957081,19.659,7.0,1769922010574,1
179957082,19.657,5.0,1769922010574,1
179957083,19.656,1.4,1769922010574,1
179957084,19.655,4.8,1769922010574,1
179957085,19.658,4.3,1769922010616,0
179957086,19.66,0.6,1769922010646,0
179957087,19.661,0.9,1769922010651,0
179957088,19.664,3.9,1769922010716,0
179957089,19.665,6.4,1769922010716,0
179957090,19.666,1.2,1769922010716,0
179957091,19.667,2.1,1769922010717,0
179957092,19.668,1.0,1769922010722,0
179957093,19.666,1.0,1769922010755,1
179957094,19.664,0.6,1769922010755,1
179957095,19.663,1.5,1769922010755,1
179957096,19.662,5.6,1769922010755,1
179957097,19.661,1.3,1769922010755,1
179957098,19.664,0.5,1769922010816,0
179957099,19.662,8.6,1769922010825,1
179957100,19.662,4.2,1769922010839,0
179957101,19.662,1.3,1769922010852,1
179957102,19.661,0.6,1769922010852,1
179957103,19.66,7.2,1769922010852,1
179957104,19.659,3.4,1769922010852,1
179957105,19.658,0.6,1769922010852,1
179957106,19.657,5.1,1769922010852,1
179957107,19.661,1.5,1769922010863,0
179957108,19.662,7.4,1769922010881,0
179957109,19.661,6.6,1769922010946,1
179957110,19.66,16.6,1769922010946,1
179957111,19.659,0.6,1769922010964,1
179957112,19.658,6.4,1769922010964,1
179957113,19.657,9.0,1769922010964,1
179957114,19.656,7.4,1769922010964,1
179957115,19.661,16.5,1769922010979,0
179957116,19.656,1.6,1769922011010,1
179957117,19.655,16.6,1769922011010,1
179957118,19.659,4.3,1769922011043,0
179957119,19.655,4.3,1769922011043,1
179957120,19.654,6.2,1769922011043,1
179957121,19.653,11.6,1769922011043,1
179957122,19.652,22.8,1769922011043,1
179957123,19.651,13.2,1769922011043,1
179957124,19.65,20.8,1769922011043,1
179957125,19.655,5.3,1769922011045,1
179957126,19.649,6.8,1769922011045,1
179957127,19.648,6.1,1769922011045,1
179957128,19.656,3.0,1769922011054,1
179957129,19.651,4.0,1769922011054,1
179957130,19.65,1.3,1769922011054,1
179957131,19.657,0.6,1769922011060,0
179957132,19.651,10.0,1769922011064,1
179957133,19.65,8.2,1769922011064,1
179957134,19.652,4.3,1769922011073,1
179957135,19.651,10.8,1769922011073,1
179957136,19.65,3.1,1769922011073,1
179957137,19.657,8.5,1769922011106,0
179957138,19.658,6.8,1769922011106,0
179957139,19.653,2.0,1769922011132,1
179957140,19.658,4.9,1769922011158,0
179957141,19.659,26.9,1769922011161,0
179957142,19.659,1.6,1769922011205,1
179957143,19.658,5.1,1769922011205,1
179957144,19.656,10.2,1769922011205,1
179957145,19.655,1.3,1769922011205,1
179957146,19.66,0.6,1769922011260,0
179957147,19.657,4.0,1769922011260,1
179957148,19.661,5.3,1769922011302,0
179957149,19.662,51.4,1769922011309,0
179957150,19.663,1.5,1769922011314,0
179957151,19.664,2.7,1769922011314,0
179957152,19.661,0.9,1769922011314,1
179957153,19.664,2.3,1769922011320,0
179957154,19.664,4.2,1769922011321,1
179957155,19.662,1.3,1769922011321,1
179957156,19.661,4.0,1769922011321,1
179957157,19.66,3.0,1769922011321,1
179957158,19.659,4.2,1769922011321,1
179957159,19.658,9.3,1769922011321,1
179957160,19.661,8.8,1769922011367,1
179957161,19.66,2.5,1769922011367,1
179957162,19.659,0.6,1769922011367,1
179957163,19.658,6.9,1769922011367,1
179957164,19.657,2.6,1769922011384,1
179957165,19.661,3.5,1769922011398,0
179957166,19.662,5.1,1769922011404,0
179957167,19.663,5.7,1769922011404,0
179957168,19.664,9.0,1769922011404,0
179957169,19.665,1.5,1769922011404,0
179957170,19.666,9.9,1769922011404,0
179957171,19.659,0.4,1769922011406,1
179957172,19.661,2.6,1769922011437,1
179957173,19.66,14.2,1769922011446,1
179957174,19.659,0.9,1769922011459,1
179957175,19.662,3.8,1769922011535,1
179957176,19.663,2.5,1769922011582,1
179957177,19.664,6.4,1769922011589,0
179957178,19.664,3.0,1769922011605,1
179957179,19.663,10.7,1769922011605,1
179957180,19.662,13.8,1769922011605,1
179957181,19.661,0.6,1769922011605,1
179957182,19.66,6.8,1769922011605,1
179957183,19.659,13.8,1769922011605,1
179957184,19.661,3.0,1769922011629,1
179957185,19.66,3.6,1769922011629,1
179957186,19.659,3.6,1769922011629,1
179957187,19.658,10.8,1769922011629,1
179957188,19.657,0.6,1769922011629,1
179957189,19.656,3.6,1769922011629,1
179957190,19.655,30.7,1769922011629,1
179957191,19.654,8.9,1769922011629,1
179957192,19.653,39.3,1769922011629,1
179957193,19.652,11.3,1769922011642,1
179957194,19.659,4.2,1769922011646,0
179957195,19.66,3.9,1769922011646,0
179957196,19.658,0.5,1769922011655,1
179957197,19.661,0.6,1769922011655,0
179957198,19.659,18.2,1769922011674,1
179957199,19.66,4.2,1769922011677,1
179957200,19.659,3.4,1769922011677,1
179957201,19.658,10.6,1769922011677,1
179957202,19.662,3.3,1769922011680,0
179957203,19.66,8.3,1769922011703,1
179957204,19.659,9.9,1769922011703,1
179957205,19.66,10.2,1769922011728,1
179957206,19.659,0.7,1769922011728,1
179957207,19.658,0.6,1769922011773,1
179957208,19.657,0.6,1769922011773,1
179957209,19.656,7.3,1769922011773,1
179957210,19.655,7.3,1769922011773,1
179957211,19.654,2.4,1769922011773,1
179957212,19.655,10.2,1769922011819,1
179957213,19.654,10.8,1769922011819,1
179957214,19.653,26.6,1769922011823,1
179957215,19.652,0.6,1769922011833,1
179957216,19.651,0.6,1769922011833,1
179957217,19.65,17.3,1769922011833,1
179957218,19.652,2.5,1769922011836,0
179957219,19.654,5.7,1769922011853,0
179957220,19.655,7.8,1769922011853,0
179957221,19.656,0.6,1769922011994,0
179957222,19.657,0.9,1769922011994,0
179957223,19.658,0.6,1769922011994,0
179957224,19.659,1.5,1769922011994,0
179957225,19.66,26.6,1769922011994,0
179957226,19.655,7.9,1769922011996,1
179957227,19.654,17.8,1769922011996,1
179957228,19.653,4.8,1769922011996,1
179957229,19.652,7.9,1769922011996,1
179957230,19.651,19.6,1769922011996,1
179957231,19.65,5.5,1769922011996,1
179957232,19.659,6.7,1769922012004,0
179957233,19.66,4.1,1769922012004,0
179957234,19.661,1.5,1769922012004,0
179957235,19.662,0.6,1769922012008,0
179957236,19.663,1.2,1769922012016,0
179957237,19.664,1.2,1769922012016,0
179957238,19.665,8.3,1769922012016,0
179957239,19.666,0.6,1769922012019,0
179957240,19.667,2.1,1769922012021,0
179957241,19.668,4.8,1769922012021,0
179957242,19.669,2.1,1769922012021,0
179957243,19.67,2.2,1769922012021,0
179957244,19.669,14.0,1769922012137,1
179957245,19.668,9.8,1769922012137,1
179957246,19.667,0.6,1769922012137,1
179957247,19.666,36.6,1769922012137,1
179957248,19.665,30.7,1769922012137,1
179957249,19.664,7.7,1769922012137,1
179957250,19.663,0.6,1769922012137,1
179957251,19.669,0.3,1769922012153,0
179957252,19.668,6.9,1769922012194,0
179957253,19.669,0.6,1769922012194,0
179957254,19.67,2.5,1769922012194,0
179957255,19.664,4.2,1769922012195,1
179957256,19.663,12.3,1769922012195,1
179957257,19.662,1.5,1769922012195,1
179957258,19.661,0.2,1769922012195,1
179957259,19.662,7.5,1769922012211,1
179957260,19.661,0.4,1769922012211,1
179957261,19.66,3.1,1769922012211,1
179957262,19.664,5.3,1769922012220,0
179957263,19.665,5.7,1769922012220,0
179957264,19.664,5.1,1769922012245,1
179957265,19.663,0.6,1769922012245,1
179957266,19.662,1.5,1769922012245,1
179957267,19.66,8.3,1769922012245,1
179957268,19.659,21.0,1769922012245,1
179957269,19.658,3.8,1769922012245,1
179957270,19.657,14.8,1769922012245,1
179957271,19.656,16.6,1769922012245,1
179957272,19.663,4.1,1769922012267,1
179957273,19.662,8.3,1769922012267,1
179957274,19.661,4.6,1769922012267,1
179957275,19.66,1.2,1769922012267,1
179957276,19.661,4.1,1769922012303,1
179957277,19.66,7.8,1769922012303,1
179957278,19.659,8.4,1769922012303,1
179957279,19.658,5.7,1769922012327,1
179957280,19.657,0.6,1769922012337,1
179957281,19.656,0.6,1769922012337,1
179957282,19.655,3.4,1769922012337,1
179957283,19.654,8.7,1769922012337,1
179957284,19.653,4.2,1769922012337,1
179957285,19.652,1.5,1769922012337,1
179957286,19.651,0.6,1769922012337,1
179957287,19.65,0.3,1769922012337,1
179957288,19.658,4.1,1769922012338,0
179957289,19.659,1.3,1769922012338,0
179957290,19.652,0.5,1769922012365,1
179957291,19.653,5.1,1769922012399,1
179957292,19.652,6.3,1769922012410,1
179957293,19.659,11.0,1769922012420,0
179957294,19.66,0.6,1769922012426,0
179957295,19.661,1.2,1769922012426,0
179957296,19.66,0.6,1769922012437,1
179957297,19.659,0.6,1769922012437,1
179957298,19.657,6.7,1769922012437,1
179957299,19.656,15.2,1769922012437,1
179957300,19.655,15.7,1769922012440,1
179957301,19.662,0.6,1769922012457,0
179957302,19.663,0.6,1769922012457,0
179957303,19.664,0.6,1769922012457,0
179957304,19.665,4.5,1769922012457,0
179957305,19.666,0.6,1769922012459,0
179957306,19.667,6.6,1769922012475,0
179957307,19.668,10.1,1769922012475,0
179957308,19.669,3.1,1769922012475,0
179957309,19.67,0.6,1769922012475,0
179957310,19.671,9.6,1769922012475,0
179957311,19.667,4.1,1769922012518,1
179957312,19.666,3.1,1769922012518,1
179957313,19.665,10.1,1769922012518,1
179957314,19.664,0.9,1769922012518,1
179957315,19.665,5.1,1769922012535,1
179957316,19.664,11.2,1769922012535,1
179957317,19.663,2.5,1769922012535,1
179957318,19.662,1.5,1769922012567,1
179957319,19.661,0.6,1769922012567,1
179957320,19.66,1.8,1769922012567,1
179957321,19.659,9.5,1769922012611,1
179957322,19.666,11.0,1769922012622,0
179957323,19.667,15.3,1769922012636,0
179957324,19.668,6.6,1769922012639,0
179957325,19.669,10.3,1769922012639,0
179957326,19.67,18.1,1769922012639,0
179957327,19.671,8.9,1769922012639,0
179957328,19.67,1.0,1769922012652,0
179957329,19.671,2.4,1769922012652,0
179957330,19.672,1.2,1769922012677,0
179957331,19.673,4.2,1769922012677,0
179957332,19.674,11.1,1769922012677,0
179957333,19.675,1.6,1769922012677,0
179957334,19.67,11.0,1769922012809,1
179957335,19.673,11.0,1769922012822,0
179957336,19.671,3.9,1769922012894,1
179957337,19.67,0.3,1769922012894,1
179957338,19.674,0.6,1769922012934,0
179957339,19.675,0.8,1769922012938,0
179957340,19.674,4.2,1769922012954,1
179957341,19.673,14.0,1769922012954,1
179957342,19.672,11.5,1769922013007,1
179957343,19.673,10.9,1769922013020,0
179957344,19.675,0.1,1769922013020,0
179957345,19.672,3.1,1769922013028,1
179957346,19.671,24.3,1769922013108,1
179957347,19.67,0.6,1769922013179,1
179957348,19.669,4.5,1769922013196,1
179957349,19.668,0.6,1769922013196,1
179957350,19.667,0.6,1769922013196,1
179957351,19.666,6.6,1769922013196,1
179957352,19.665,5.9,1769922013196,1
179957353,19.667,4.2,1769922013211,1
179957354,19.666,6.8,1769922013211,1
179957355,19.67,4.2,1769922013221,0
179957356,19.671,6.8,1769922013221,0
179957357,19.667,9.2,1769922013226,1
179957358,19.666,4.5,1769922013226,1
179957359,19.665,0.6,1769922013226,1
179957360,19.664,3.9,1769922013226,1
179957361,19.666,4.2,1769922013244,1
179957362,19.665,13.0,1769922013244,1
179957363,19.67,4.8,1769922013260,0
179957364,19.671,0.2,1769922013260,0
179957365,19.666,7.8,1769922013284,1
179957366,19.665,8.3,1769922013284,1
179957367,19.664,13.1,1769922013284,1
179957368,19.663,14.9,1769922013284,1
179957369,19.662,14.1,1769922013284,1
179957370,19.661,15.7,1769922013284,1
179957371,19.66,31.8,1769922013284,1
179957372,19.659,33.1,1769922013284,1
179957373,19.658,16.0,1769922013284,1
179957374,19.657,39.2,1769922013284,1
179957375,19.656,18.7,1769922013284,1
179957376,19.655,32.2,1769922013284,1
179957377,19.654,35.8,1769922013284,1
179957378,19.653,32.4,1769922013284,1
179957379,19.666,0.3,1769922013286,1
179957380,19.663,0.3,1769922013286,1
179957381,19.654,8.9,1769922013302,1
179957382,19.653,35.9,1769922013302,1
179957383,19.652,6.0,1769922013302,1
179957384,19.657,2.5,1769922013307,0
179957385,19.653,23.0,1769922013340,1
179957386,19.659,5.0,1769922013347,0
179957387,19.66,6.4,1769922013347,0
179957388,19.654,2.7,1769922013354,1
179957389,19.653,3.9,1769922013354,1
179957390,19.652,17.5,1769922013354,1
179957391,19.651,2.2,1769922013354,1
179957392,19.65,1.2,1769922013411,1
179957393,19.649,9.2,1769922013411,1
179957394,19.655,5.6,1769922013422,0
179957395,19.656,3.6,1769922013422,0
179957396,19.657,1.8,1769922013422,0
179957397,19.654,3.0,1769922013498,1
179957398,19.653,3.6,1769922013498,1
179957399,19.652,2.4,1769922013505,1
179957400,19.657,1.5,1769922013522,0
179957401,19.658,0.5,1769922013522,0
179957402,19.657,4.2,1769922013579,0
179957403,19.658,4.3,1769922013579,0
179957404,19.659,2.5,1769922013579,0
179957405,19.658,0.5,1769922013592,0
179957406,19.659,3.1,1769922013592,0
179957407,19.66,15.4,1769922013592,0
179957408,19.661,10.0,1769922013595,0
179957409,19.654,4.2,1769922013612,1
179957410,19.653,5.7,1769922013612,1
179957411,19.652,1.1,1769922013612,1
179957412,19.659,40.9,1769922013621,0
179957413,19.654,4.2,1769922013649,1
179957414,19.653,5.1,1769922013649,1
179957415,19.652,8.9,1769922013649,1
179957416,19.654,5.1,1769922013812,1
179957417,19.653,5.9,1769922013812,1
179957418,19.657,11.0,1769922013820,0
179957419,19.658,4.7,1769922013851,0
179957420,19.659,1.5,1769922013853,0
179957421,19.658,6.3,1769922013854,1
179957422,19.656,0.9,1769922013854,1
179957423,19.654,0.9,1769922013854,1
179957424,19.653,9.5,1769922013854,1
179957425,19.652,0.6,1769922013854,1
179957426,19.653,4.6,1769922013854,1
179957427,19.652,10.8,1769922013854,1
179957428,19.651,2.8,1769922013854,1
179957429,19.656,3.9,1769922013866,0
179957430,19.653,4.7,1769922013892,1
179957431,19.652,0.6,1769922013892,1
179957432,19.651,12.9,1769922013892,1
179957433,19.657,8.8,1769922013919,0
179957434,19.658,3.1,1769922013957,0
179957435,19.653,5.1,1769922014012,1
179957436,19.652,5.9,1769922014012,1
179957437,19.653,5.6,1769922014017,1
179957438,19.658,3.2,1769922014021,0
179957439,19.659,7.8,1769922014021,0
179957440,19.66,3.4,1769922014063,0
179957441,19.652,4.4,1769922014071,1
179957442,19.651,0.6,1769922014071,1
179957443,19.657,3.8,1769922014111,0
179957444,19.657,0.6,1769922014123,1
179957445,19.656,0.6,1769922014123,1
179957446,19.654,5.1,1769922014123,1
179957447,19.653,16.1,1769922014123,1
179957448,19.652,3.3,1769922014123,1
179957449,19.66,0.6,1769922014166,0
179957450,19.661,0.6,1769922014166,0
179957451,19.662,0.9,1769922014199,0
179957452,19.66,5.1,1769922014212,1
179957453,19.659,5.0,1769922014212,1
179957454,19.658,0.9,1769922014212,1
179957455,19.663,0.6,1769922014222,0
179957456,19.664,4.0,1769922014222,0
179957457,19.665,6.4,1769922014222,0
179957458,19.659,5.1,1769922014224,1
179957459,19.659,96.6,1769922014226,0
179957460,19.658,3.8,1769922014240,1
179957461,19.661,0.6,1769922014258,0
179957462,19.662,0.6,1769922014258,0
179957463,19.664,1.5,1769922014258,0
179957464,19.666,7.4,1769922014258,0
179957465,19.66,5.1,1769922014279,1
179957466,19.659,10.3,1769922014279,1
179957467,19.658,2.8,1769922014279,1
179957468,19.659,5.1,1769922014298,1
179957469,19.658,7.3,1769922014298,1
179957470,19.657,25.7,1769922014298,1
179957471,19.656,13.0,1769922014298,1
179957472,19.655,8.4,1769922014298,1
179957473,19.654,7.0,1769922014298,1
179957474,19.663,3.6,1769922014326,0
179957475,19.661,5.1,1769922014412,1
179957476,19.66,5.9,1769922014412,1
179957477,19.664,0.6,1769922014417,0
179957478,19.665,4.3,1769922014417,0
179957479,19.666,0.6,1769922014422,0
179957480,19.667,1.5,1769922014422,0
179957481,19.668,0.6,1769922014422,0
179957482,19.669,8.3,1769922014422,0
179957483,19.67,0.6,1769922014426,0
179957484,19.671,8.3,1769922014426,0
179957485,19.672,25.5,1769922014426,0
179957486,19.673,4.1,1769922014442,0
179957487,19.668,0.7,1769922014443,1
179957488,19.674,0.9,1769922014444,0
179957489,19.675,1.8,1769922014444,0
179957490,19.676,3.6,1769922014444,0
179957491,19.677,7.3,1769922014444,0
179957492,19.675,6.3,1769922014463,1
179957493,19.673,6.3,1769922014463,1
179957494,19.672,4.5,1769922014463,1
179957495,19.674,0.6,1769922014482,1
179957496,19.673,2.7,1769922014482,1
179957497,19.674,4.5,1769922014520,1
179957498,19.673,8.7,1769922014520,1
179957499,19.672,5.0,1769922014520,1
179957500,19.673,0.6,1769922014546,1
179957501,19.672,6.8,1769922014546,1
179957502,19.671,27.7,1769922014546,1
179957503,19.67,10.0,1769922014594,1
179957504,19.669,0.6,1769922014594,1
179957505,19.668,32.4,1769922014594,1
179957506,19.671,6.2,1769922014599,0
179957507,19.673,6.2,1769922014608,0
179957508,19.675,8.1,1769922014610,0
179957509,19.676,5.5,1769922014610,0
179957510,19.677,1.5,1769922014610,0
179957511,19.678,13.7,1769922014610,0
179957512,19.679,57.9,1769922014610,0
179957513,19.68,29.0,1769922014610,0
179957514,19.681,20.0,1769922014610,0
179957515,19.682,41.8,1769922014610,0
179957516,19.683,11.3,1769922014610,0
179957517,19.684,6.2,1769922014610,0
179957518,19.673,6.1,1769922014614,1
179957519,19.672,3.6,1769922014614,1
179957520,19.67,1.3,1769922014614,1
179957521,19.68,5.0,1769922014623,0
179957522,19.681,6.0,1769922014623,0
179957523,19.671,0.3,1769922014664,1
179957524,19.675,4.2,1769922014673,0
179957525,19.672,4.2,1769922014689,1
179957526,19.672,0.6,1769922014699,0
179957527,19.674,0.6,1769922014699,0
179957528,19.675,0.6,1769922014699,0
179957529,19.676,12.7,1769922014699,0
179957530,19.677,9.6,1769922014701,0
179957531,19.678,0.6,1769922014733,0
179957532,19.679,5.3,1769922014733,0
179957533,19.68,1.5,1769922014736,0
179957534,19.681,1.5,1769922014741,0
179957535,19.682,5.6,1769922014741,0
179957536,19.683,15.9,1769922014741,0
179957537,19.684,22.7,1769922014741,0
179957538,19.685,8.5,1769922014741,0
179957539,19.686,7.9,1769922014741,0
179957540,19.682,4.2,1769922014813,1
179957541,19.681,6.6,1769922014813,1
179957542,19.68,0.2,1769922014813,1
179957543,19.681,8.4,1769922014823,0
179957544,19.682,2.6,1769922014823,0
179957545,19.68,0.6,1769922014854,1
179957546,19.679,0.6,1769922014854,1
179957547,19.678,0.3,1769922014872,1
179957548,19.68,4.0,1769922014901,0
179957549,19.681,6.0,1769922014901,0
179957550,19.682,7.6,1769922014901,0
179957551,19.68,2.4,1769922014902,0
179957552,19.682,4.0,1769922014916,0
179957553,19.683,1.0,1769922014916,0
179957554,19.679,0.6,1769922014918,1
179957555,19.678,0.2,1769922014918,1
179957556,19.68,4.2,1769922014972,0
179957557,19.681,4.8,1769922014972,0
179957558,19.682,2.9,1769922014972,0
179957559,19.679,4.2,1769922014974,1
179957560,19.678,10.3,1769922014974,1
179957561,19.677,3.7,1769922014974,1
179957562,19.679,8.2,1769922014996,1
179957563,19.677,0.7,1769922015008,1
179957564,19.676,1.5,1769922015013,1
179957565,19.675,0.6,1769922015013,1
179957566,19.674,8.9,1769922015013,1
179957567,19.675,5.0,1769922015024,0
179957568,19.676,4.0,1769922015024,0
179957569,19.677,4.0,1769922015024,0
179957570,19.678,4.6,1769922015037,0
179957571,19.679,83.6,1769922015041,0
179957572,19.678,3.0,1769922015076,1
179957573,19.677,4.8,1769922015076,1
179957574,19.676,7.2,1769922015076,1
179957575,19.675,11.3,1769922015076,1
179957576,19.674,24.9,1769922015076,1
179957577,19.673,6.5,1769922015076,1
179957578,19.672,5.3,1769922015076,1
179957579,19.671,7.3,1769922015076,1
179957580,19.672,0.6,1769922015138,1
179957581,19.671,0.7,1769922015138,1
179957582,19.672,2.5,1769922015143,0
179957583,19.673,4.0,1769922015143,0
179957584,19.674,19.3,1769922015143,0
179957585,19.671,11.6,1769922015166,1
179957586,19.67,10.7,1769922015174,1
179957587,19.669,1.9,1769922015174,1
179957588,19.67,5.0,1769922015184,0
179957589,19.673,4.2,1769922015184,0
179957590,19.674,10.2,1769922015184,0
179957591,19.675,20.4,1769922015184,0
179957592,19.676,2.6,1769922015184,0
179957593,19.671,5.1,1769922015214,1
179957594,19.67,11.2,1769922015214,1
179957595,19.669,12.9,1769922015215,1
179957596,19.674,9.2,1769922015223,0
179957597,19.675,1.8,1769922015223,0
179957598,19.673,4.0,1769922015276,1
179957599,19.673,3.9,1769922015348,0
179957600,19.672,8.7,1769922015413,1
179957601,19.671,2.3,1769922015413,1
179957602,19.671,5.0,1769922015424,0
179957603,19.672,0.6,1769922015424,0
179957604,19.673,6.0,1769922015424,0
179957605,19.67,1.5,1769922015469,1
179957606,19.669,3.0,1769922015531,1
179957607,19.669,3.3,1769922015561,0
179957608,19.671,2.4,1769922015571,0
179957609,19.668,14.5,1769922015592,1
179957610,19.667,28.8,1769922015611,1
179957611,19.67,4.2,1769922015625,0
179957612,19.671,6.8,1769922015625,0
179957613,19.667,65.4,1769922015641,1
179957614,19.666,2.4,1769922015670,1
179957615,19.665,1.6,1769922015672,1
179957616,19.664,7.8,1769922015672,1
179957617,19.663,0.6,1769922015675,1
179957618,19.662,2.5,1769922015675,1
179957619,19.661,0.3,1769922015677,1
179957620,19.662,2.5,1769922015689,0
179957621,19.663,4.0,1769922015689,0
179957622,19.664,11.3,1769922015689,0
179957623,19.667,5.0,1769922015696,0
179957624,19.662,0.3,1769922015697,1
179957625,19.661,3.0,1769922015757,1
179957626,19.66,10.3,1769922015757,1
179957627,19.659,7.9,1769922015757,1
179957628,19.658,9.4,1769922015757,1
179957629,19.657,8.2,1769922015757,1
179957630,19.656,10.5,1769922015757,1
179957631,19.655,8.4,1769922015757,1
179957632,19.654,22.6,1769922015757,1
179957633,19.656,5.0,1769922015769,0
179957634,19.654,4.2,1769922015814,1
179957635,19.653,5.0,1769922015814,1
179957636,19.652,1.8,1769922015814,1
179957637,19.659,11.0,1769922015825,0
179957638,19.66,4.6,1769922015841,0
179957639,19.661,3.0,1769922015841,0
179957640,19.662,17.6,1769922015841,0
179957641,19.663,16.5,1769922015841,0
179957642,19.656,14.0,1769922015848,1
179957643,19.655,11.4,1769922015848,1
179957644,19.656,11.2,1769922015865,1
179957645,19.655,8.6,1769922015865,1
179957646,19.654,4.2,1769922015865,1
179957647,19.653,0.9,1769922015865,1
179957648,19.652,12.6,1769922015865,1
179957649,19.651,17.0,1769922015865,1
179957650,19.65,24.7,1769922015865,1
179957651,19.649,10.5,1769922015865,1
179957652,19.65,5.0,1769922015869,0
179957653,19.651,5.0,1769922015869,0
179957654,19.652,6.0,1769922015869,0
179957655,19.652,6.6,1769922015908,1
179957656,19.651,4.5,1769922015908,1
179957657,19.65,3.5,1769922015908,1
179957658,19.649,3.6,1769922015908,1
179957659,19.65,2.5,1769922015912,0
179957660,19.653,0.3,1769922015950,0
179957661,19.652,10.2,1769922016015,1
179957662,19.651,0.8,1769922016015,1
179957663,19.653,0.7,1769922016025,0
179957664,19.654,0.6,1769922016025,0
179957665,19.655,4.3,1769922016025,0
179957666,19.656,6.0,1769922016025,0
179957667,19.657,0.6,1769922016034,0
179957668,19.658,4.8,1769922016034,0
179957669,19.659,7.7,1769922016034,0
179957670,19.66,15.1,1769922016034,0
179957671,19.661,7.8,1769922016034,0
179957672,19.662,5.9,1769922016036,0
179957673,19.663,6.2,1769922016036,0
179957674,19.664,29.2,1769922016036,0
179957675,19.66,0.6,1769922016185,1
179957676,19.658,0.9,1769922016215,1
179957677,19.657,0.6,1769922016215,1
179957678,19.656,1.5,1769922016215,1
179957679,19.655,4.1,1769922016215,1
179957680,19.654,3.9,1769922016215,1
179957681,19.658,4.0,1769922016224,0
179957682,19.659,7.0,1769922016224,0
179957683,19.654,3.4,1769922016302,1
179957684,19.653,0.5,1769922016302,1
179957685,19.658,0.6,1769922016326,0
179957686,19.659,6.1,1769922016326,0
179957687,19.66,0.6,1769922016326,0
179957688,19.661,3.6,1769922016326,0
179957689,19.662,6.3,1769922016326,0
179957690,19.654,2.0,1769922016347,1
179957691,19.653,2.1,1769922016415,1
179957692,19.652,8.9,1769922016415,1
179957693,19.657,8.0,1769922016425,0
179957694,19.658,3.0,1769922016425,0
179957695,19.659,1.5,1769922016487,0
179957696,19.66,2.9,1769922016489,0
179957697,19.661,8.9,1769922016489,0
179957698,19.662,0.6,1769922016491,0
179957699,19.663,1.5,1769922016496,0
179957700,19.664,3.6,1769922016496,0
179957701,19.66,4.4,1769922016537,1
179957702,19.659,7.9,1769922016537,1
179957703,19.658,7.3,1769922016537,1
179957704,19.662,5.1,1769922016544,0
179957705,19.658,1.7,1769922016589,1
179957706,19.657,0.6,1769922016589,1
179957707,19.656,7.8,1769922016589,1
179957708,19.66,0.6,1769922016615,1
179957709,19.658,0.9,1769922016615,1
179957710,19.657,9.5,1769922016615,1
179957711,19.662,4.2,1769922016624,0
179957712,19.663,6.7,1769922016625,0
179957713,19.664,0.3,1769922016625,0
179957714,19.657,1.0,1769922016651,1
179957715,19.661,10.2,1769922016676,0
179957716,19.66,0.6,1769922016683,1
179957717,19.659,0.6,1769922016683,1
179957718,19.657,3.2,1769922016683,1
179957719,19.656,36.9,1769922016697,1
179957720,19.655,21.1,1769922016697,1
179957721,19.654,2.9,1769922016697,1
179957722,19.655,4.0,1769922016707,1
179957723,19.654,1.1,1769922016707,1
179957724,19.655,0.5,1769922016746,1
179957725,19.658,11.9,1769922016766,0
179957726,19.659,7.2,1769922016779,0
179957727,19.655,10.2,1769922016789,1
179957728,19.654,5.8,1769922016814,1
179957729,19.659,12.7,1769922016822,0
179957730,19.66,0.6,1769922016825,0
179957731,19.661,0.6,1769922016825,0
179957732,19.662,9.8,1769922016825,0
179957733,19.657,8.6,1769922016833,1
179957734,19.657,29.2,1769922016835,0
179957735,19.659,4.0,1769922016879,0
179957736,19.658,9.3,1769922016889,1
179957737,19.657,8.8,1769922016889,1
179957738,19.656,10.3,1769922016889,1
179957739,19.655,9.3,1769922016889,1
179957740,19.654,28.3,1769922016889,1
179957741,19.653,23.7,1769922016889,1
179957742,19.652,16.9,1769922016889,1
179957743,19.651,41.5,1769922016889,1
179957744,19.654,3.5,1769922016944,1
179957745,19.652,10.8,1769922016944,1
179957746,19.651,1.0,1769922016944,1
179957747,19.655,3.0,1769922016948,0
179957748,19.651,0.6,1769922016992,1
179957749,19.65,40.3,1769922016992,1
179957750,19.654,20.8,1769922016996,0
179957751,19.652,3.0,1769922017014,1
179957752,19.651,3.8,1769922017014,1
179957753,19.65,4.2,1769922017014,1
179957754,19.656,8.7,1769922017024,0
179957755,19.657,2.3,1769922017024,0
179957756,19.656,4.0,1769922017061,0
179957757,19.658,2.2,1769922017082,0
179957758,19.659,4.5,1769922017082,0
179957759,19.66,41.2,1769922017082,0
179957760,19.661,4.5,1769922017082,0
179957761,19.662,4.6,1769922017082,0
179957762,19.663,21.2,1769922017082,0
179957763,19.664,0.6,1769922017166,0
179957764,19.665,1.5,1769922017166,0
179957765,19.666,9.0,1769922017166,0
179957766,19.667,1.5,1769922017166,0
179957767,19.668,12.5,1769922017166,0
179957768,19.665,3.0,1769922017215,1
179957769,19.664,8.0,1769922017215,1
179957770,19.667,4.2,1769922017224,0
179957771,19.668,3.9,1769922017224,0
179957772,19.669,2.9,1769922017224,0
179957773,19.665,3.0,1769922017250,1
179957774,19.664,8.0,1769922017250,1
179957775,19.663,38.1,1769922017250,1
179957776,19.668,8.5,1769922017277,0
179957777,19.669,4.3,1769922017277,0
179957778,19.669,0.6,1769922017399,0
179957779,19.67,1.6,1769922017399,0
179957780,19.671,0.2,1769922017399,0
179957781,19.665,4.2,1769922017416,1
179957782,19.664,6.8,1769922017416,1
179957783,19.669,3.9,1769922017425,0
179957784,19.67,3.9,1769922017425,0
179957785,19.671,8.9,1769922017425,0
179957786,19.672,21.5,1769922017515,0
179957787,19.673,14.3,1769922017519,0
179957788,19.67,0.6,1769922017616,1
179957789,19.669,0.6,1769922017616,1
179957790,19.668,1.5,1769922017616,1
179957791,19.667,0.6,1769922017616,1
179957792,19.666,7.7,1769922017616,1
179957793,19.67,11.6,1769922017624,0
179957794,19.665,6.5,1769922017721,1
179957795,19.669,4.9,1769922017753,0
179957796,19.666,4.2,1769922017792,1
179957797,19.665,1.0,1769922017792,1
179957798,19.669,3.9,1769922017801,0
179957799,19.666,0.9,1769922017816,1
179957800,19.665,10.1,1769922017816,1
179957801,19.669,3.9,1769922017825,0
179957802,19.67,4.5,1769922017825,0
179957803,19.671,11.9,1769922017825,0
179957804,19.668,0.6,1769922017969,1
179957805,19.667,0.6,1769922017969,1
179957806,19.666,6.6,1769922017969,1
179957807,19.665,20.6,1769922017969,1
179957808,19.664,18.2,1769922017969,1
179957809,19.663,54.3,1769922017969,1
179957810,19.67,0.8,1769922017969,0
179957811,19.671,12.2,1769922017969,0
179957812,19.672,14.1,1769922017970,0
179957813,19.673,6.5,1769922017970,0
179957814,19.674,15.4,1769922017970,0
179957815,19.675,4.4,1769922017970,0
179957816,19.676,30.5,1769922017970,0
179957817,19.674,24.1,1769922017972,0
179957818,19.675,1.2,1769922017972,0
179957819,19.676,8.1,1769922017972,0
179957820,19.677,21.4,1769922017972,0
179957821,19.678,17.6,1769922017972,0
179957822,19.676,0.3,1769922017974,0
179957823,19.674,4.2,1769922018005,1
179957824,19.672,1.5,1769922018018,1
179957825,19.671,6.1,1769922018018,1
179957826,19.676,0.6,1769922018039,0
179957827,19.677,0.6,1769922018039,0
179957828,19.678,2.7,1769922018039,0
179957829,19.679,10.1,1769922018039,0
179957830,19.675,4.2,1769922018105,1
179957831,19.674,10.2,1769922018105,1
179957832,19.673,14.1,1769922018105,1
179957833,19.672,11.1,1769922018105,1
179957834,19.672,11.0,1769922018216,1
179957835,19.675,3.0,1769922018225,0
179957836,19.676,7.4,1769922018225,0
179957837,19.677,25.6,1769922018225,0
179957838,19.678,18.0,1769922018225,0
179957839,19.679,55.5,1769922018225,0
179957840,19.68,4.5,1769922018225,0
179957841,19.681,12.5,1769922018225,0
179957842,19.682,31.6,1769922018225,0
179957843,19.683,6.8,1769922018225,0
179957844,19.684,24.5,1769922018225,0
179957845,19.685,50.0,1769922018225,0
179957846,19.686,135.1,1769922018225,0
179957847,19.687,72.8,1769922018225,0
179957848,19.688,20.7,1769922018225,0
179957849,19.689,29.0,1769922018225,0
179957850,19.69,19.4,1769922018225,0
179957851,19.683,1.0,1769922018227,0
179957852,19.684,4.0,1769922018228,0
179957853,19.685,1.0,1769922018230,0
179957854,19.687,6.4,1769922018230,0
179957855,19.688,1.7,1769922018230,0
179957856,19.689,9.6,1769922018230,0
179957857,19.69,14.2,1769922018230,0
179957858,19.689,3.0,1769922018248,1
179957859,19.69,5.9,1769922018251,1
179957860,19.691,1.0,1769922018335,0
179957861,19.689,4.2,1769922018351,1
179957862,19.688,0.6,1769922018353,1
179957863,19.687,0.6,1769922018353,1
179957864,19.686,0.9,1769922018406,1
179957865,19.685,0.6,1769922018417,1
179957866,19.684,1.5,1769922018417,1
179957867,19.683,0.6,1769922018417,1
179957868,19.682,5.9,1769922018417,1
179957869,19.681,2.4,1769922018417,1
179957870,19.685,4.2,1769922018427,0
179957871,19.686,4.8,1769922018427,0
179957872,19.687,1.6,1769922018427,0
179957873,19.688,0.4,1769922018427,0
179957874,19.683,3.0,1769922018515,1
179957875,19.682,3.6,1769922018515,1
179957876,19.681,8.7,1769922018515,1
179957877,19.68,12.0,1769922018515,1
179957878,19.682,1.0,1769922018525,1
179957879,19.68,5.1,1769922018525,1
179957880,19.679,18.6,1769922018525,1
179957881,19.678,29.0,1769922018525,1
179957882,19.677,16.7,1769922018525,1
179957883,19.676,8.4,1769922018525,1
179957884,19.675,12.5,1769922018525,1
179957885,19.682,15.2,1769922018536,0
179957886,19.683,11.4,1769922018536,0
179957887,19.684,16.4,1769922018536,0
179957888,19.685,4.2,1769922018536,0
179957889,19.686,20.3,1769922018536,0
179957890,19.687,25.0,1769922018536,0
179957891,19.688,26.9,1769922018536,0
179957892,19.689,55.0,1769922018536,0
179957893,19.69,15.5,1769922018536,0
179957894,19.681,6.4,1769922018554,1
179957895,19.68,5.2,1769922018554,1
179957896,19.679,10.0,1769922018554,1
179957897,19.678,11.9,1769922018554,1
179957898,19.677,17.5,1769922018554,1
179957899,19.684,5.3,1769922018589,1
179957900,19.68,1.0,1769922018589,1
179957901,19.679,10.2,1769922018589,1
179957902,19.678,9.5,1769922018589,1
179957903,19.677,10.4,1769922018618,1
179957904,19.684,10.2,1769922018618,0
179957905,19.685,15.8,1769922018618,0
179957906,19.686,24.4,1769922018618,0
179957907,19.687,0.6,1769922018618,0
179957908,19.688,4.8,1769922018618,0
179957909,19.678,2.5,1769922018621,0
179957910,19.685,4.6,1769922018627,0
179957911,19.686,1.6,1769922018627,0
179957912,19.687,4.8,1769922018627,0
179957913,19.681,5.1,1769922018649,1
179957914,19.68,9.4,1769922018651,1
179957915,19.678,5.1,1769922018653,1
179957916,19.677,6.0,1769922018653,1
179957917,19.676,5.4,1769922018653,1
179957918,19.679,36.1,1769922018673,0
179957919,19.68,11.5,1769922018673,0
179957920,19.681,5.1,1769922018673,0
179957921,19.683,11.4,1769922018673,0
179957922,19.684,5.2,1769922018675,1
179957923,19.682,1.0,1769922018678,1
179957924,19.682,1.6,1769922018678,0
179957925,19.683,7.3,1769922018678,0
179957926,19.682,6.2,1769922018683,0
179957927,19.681,0.6,1769922018702,1
179957928,19.679,1.4,1769922018702,1
179957929,19.679,2.6,1769922018727,0
179957930,19.678,0.6,1769922018727,1
179957931,19.677,0.6,1769922018739,1
179957932,19.676,2.7,1769922018739,1
179957933,19.675,0.6,1769922018739,1
179957934,19.674,21.4,1769922018739,1
179957935,19.673,0.7,1769922018739,1
179957936,19.674,24.7,1769922018749,0
179957937,19.675,4.4,1769922018818,0
179957938,19.676,0.6,1769922018818,0
179957939,19.677,17.2,1769922018818,0
179957940,19.678,29.4,1769922018818,0
179957941,19.679,12.3,1769922018818,0
179957942,19.68,7.8,1769922018818,0
179957943,19.673,0.6,1769922018819,1
179957944,19.672,10.4,1769922018819,1
179957945,19.678,10.2,1769922018827,0
179957946,19.679,0.8,1769922018827,0
179957947,19.673,0.4,1769922018830,1
179957948,19.679,5.1,1769922018855,0
179957949,19.674,11.2,1769922018957,1
179957950,19.673,1.1,1769922019019,1
179957951,19.678,6.3,1769922019028,0
179957952,19.674,5.6,1769922019051,1
179957953,19.673,0.6,1769922019067,1
179957954,19.672,79.1,1769922019109,1
179957955,19.671,1.6,1769922019115,1
179957956,19.67,9.6,1769922019115,1
179957957,19.669,1.3,1769922019115,1
179957958,19.668,1.8,1769922019115,1
179957959,19.667,0.9,1769922019115,1
179957960,19.666,10.7,1769922019115,1
179957961,19.665,12.9,1769922019115,1
179957962,19.664,10.6,1769922019116,1
179957963,19.665,5.0,1769922019120,0
179957964,19.666,5.1,1769922019142,1
179957965,19.665,8.8,1769922019149,1
179957966,19.664,35.1,1769922019149,1
179957967,19.67,0.6,1769922019217,0
179957968,19.671,2.5,1769922019217,0
179957969,19.672,32.9,1769922019217,0
179957970,19.668,4.2,1769922019219,1
179957971,19.667,2.1,1769922019219,1
179957972,19.671,6.0,1769922019264,0
179957973,19.672,0.6,1769922019272,0
179957974,19.673,1.5,1769922019272,0
179957975,19.674,0.6,1769922019272,0
179957976,19.675,5.3,1769922019272,0
179957977,19.676,0.6,1769922019278,0
179957978,19.677,1.8,1769922019278,0
179957979,19.674,0.6,1769922019379,1
179957980,19.673,2.2,1769922019379,1
179957981,19.674,9.0,1769922019412,0
179957982,19.675,0.6,1769922019425,0
179957983,19.676,13.8,1769922019425,0
179957984,19.677,12.1,1769922019425,0
179957985,19.678,14.8,1769922019438,0
179957986,19.679,77.1,1769922019438,0
179957987,19.677,3.0,1769922019540,1
179957988,19.676,9.0,1769922019540,1
179957989,19.678,2.5,1769922019632,0
179957990,19.676,0.6,1769922019667,1
179957991,19.675,0.6,1769922019667,1
179957992,19.674,1.5,1769922019667,1
179957993,19.673,0.6,1769922019667,1
179957994,19.672,51.3,1769922019667,1
179957995,19.671,0.6,1769922019679,1
179957996,19.67,11.5,1769922019679,1
179957997,19.675,1.2,1769922019768,0
179957998,19.67,2.5,1769922019788,1
179957999,19.672,41.3,1769922020019,0
179958000,19.673,0.6,1769922020019,0
179958001,19.674,5.6,1769922020019,0
179958002,19.675,3.3,1769922020019,0
179958003,19.676,2.2,1769922020019,0
179958004,19.677,21.3,1769922020019,0
179958005,19.678,17.0,1769922020019,0
179958006,19.679,9.3,1769922020019,0
179958007,19.68,42.4,1769922020019,0
179958008,19.681,17.0,1769922020019,0
179958009,19.682,51.2,1769922020019,0
179958010,19.683,57.5,1769922020019,0
179958011,19.684,36.5,1769922020019,0
179958012,19.685,40.2,1769922020019,0
179958013,19.686,52.4,1769922020019,0
179958014,19.687,35.4,1769922020019,0
179958015,19.68,3.6,1769922020023,0
179958016,19.683,1.0,1769922020023,0
179958017,19.686,15.8,1769922020023,0
179958018,19.681,1.0,1769922020052,1
179958019,19.678,0.8,1769922020058,1
179958020,19.679,7.7,1769922020110,0
179958021,19.68,7.7,1769922020110,0
179958022,19.681,10.8,1769922020110,0
179958023,19.682,8.9,1769922020110,0
179958024,19.679,23.4,1769922020205,1
179958025,19.678,5.5,1769922020207,1
179958026,19.677,0.6,1769922020208,1
179958027,19.676,1.5,1769922020217,1
179958028,19.675,0.6,1769922020219,1
179958029,19.675,7.0,1769922020311,0
179958030,19.676,4.5,1769922020311,0
179958031,19.677,5.4,1769922020311,0
179958032,19.678,2.3,1769922020311,0
179958033,19.679,3.5,1769922020317,0
179958034,19.68,1.1,1769922020387,0
179958035,19.679,4.2,1769922020398,1
179958036,19.677,3.5,1769922020417,1
179958037,19.676,0.3,1769922020455,1
179958038,19.677,4.5,1769922020470,0
179958039,19.679,1.5,1769922020492,0
179958040,19.68,2.4,1769922020492,0
179958041,19.681,1.5,1769922020492,0
179958042,19.682,17.1,1769922020492,0
179958043,19.683,2.2,1769922020492,0
179958044,19.678,9.9,1769922020516,1
179958045,19.677,105.2,1769922020516,1
179958046,19.676,1.2,1769922020516,1
179958047,19.676,26.2,1769922020527,0
179958048,19.677,2.7,1769922020527,0
179958049,19.678,0.6,1769922020527,0
179958050,19.679,13.8,1769922020527,0
179958051,19.68,2.5,1769922020527,0
179958052,19.675,0.6,1769922020530,1
179958053,19.674,4.9,1769922020535,1
179958054,19.674,8.5,1769922020549,0
179958055,19.675,0.5,1769922020549,0
179958056,19.677,0.6,1769922020620,0
179958057,19.678,0.6,1769922020620,0
179958058,19.679,2.8,1769922020620,0
179958059,19.675,4.8,1769922020661,1
179958060,19.674,9.5,1769922020661,1
179958061,19.673,11.7,1769922020661,1
179958062,19.672,10.9,1769922020661,1
179958063,19.671,1.0,1769922020759,1
179958064,19.672,0.3,1769922020795,0
179958065,19.671,6.0,1769922020909,1
179958066,19.672,18.9,1769922020957,0
179958067,19.673,0.6,1769922020957,0
179958068,19.674,0.6,1769922020957,0
179958069,19.675,1.5,1769922020957,0
179958070,19.676,1.7,1769922020957,0
179958071,19.673,15.0,1769922020966,1
179958072,19.672,10.8,1769922021052,1
179958073,19.671,4.8,1769922021053,1
179958074,19.67,4.8,1769922021059,1
179958075,19.669,5.9,1769922021085,1
179958076,19.668,1.8,1769922021085,1
179958077,19.667,4.5,1769922021085,1
179958078,19.666,1.8,1769922021085,1
179958079,19.665,2.5,1769922021085,1
179958080,19.664,4.9,1769922021088,1
179958081,19.663,134.5,1769922021091,1
179958082,19.662,4.6,1769922021132,1
179958083,19.661,6.2,1769922021132,1
179958084,19.66,1.5,1769922021132,1
179958085,19.659,4.7,1769922021132,1
179958086,19.658,1.8,1769922021132,1
179958087,19.657,0.6,1769922021176,1
179958088,19.656,3.7,1769922021176,1
179958089,19.655,0.9,1769922021176,1
179958090,19.654,8.8,1769922021176,1
179958091,19.653,4.4,1769922021176,1
179958092,19.654,5.0,1769922021196,0
179958093,19.656,5.0,1769922021196,0
179958094,19.657,8.2,1769922021196,0
179958095,19.658,7.0,1769922021196,0
179958096,19.659,14.5,1769922021196,0
179958097,19.66,6.0,1769922021196,0
179958098,19.661,45.7,1769922021196,0
179958099,19.662,21.6,1769922021196,0
179958100,19.663,10.1,1769922021196,0
179958101,19.664,16.8,1769922021196,0
179958102,19.665,36.9,1769922021196,0
179958103,19.666,19.7,1769922021196,0
179958104,19.667,42.9,1769922021196,0
179958105,19.668,40.0,1769922021196,0
179958106,19.669,16.1,1769922021196,0
179958107,19.655,0.6,1769922021200,0
179958108,19.665,1.7,1769922021215,0
179958109,19.664,1.0,1769922021241,1
179958110,19.662,4.2,1769922021241,1
179958111,19.661,0.6,1769922021241,1
179958112,19.662,4.2,1769922021303,1
179958113,19.661,0.8,1769922021303,1
179958114,19.665,4.5,1769922021324,0
179958115,19.666,0.6,1769922021324,0
179958116,19.667,7.3,1769922021324,0
179958117,19.668,8.4,1769922021324,0
179958118,19.669,25.0,1769922021324,0
179958119,19.67,3.2,1769922021324,0
179958120,19.664,1.0,1769922021336,1
179958121,19.663,3.0,1769922021336,1
179958122,19.662,4.4,1769922021336,1
179958123,19.661,9.9,1769922021336,1
179958124,19.66,0.6,1769922021500,1
179958125,19.659,0.6,1769922021500,1
179958126,19.658,1.5,1769922021500,1
179958127,19.659,5.0,1769922021561,0
179958128,19.66,0.6,1769922021586,0
179958129,19.661,1.5,1769922021586,0
179958130,19.662,9.2,1769922021586,0
179958131,19.663,11.7,1769922021586,0
179958132,19.664,7.3,1769922021586,0
179958133,19.665,11.4,1769922021586,0
179958134,19.666,8.2,1769922021586,0
179958135,19.66,0.6,1769922021728,1
179958136,19.659,0.6,1769922021728,1
179958137,19.658,20.0,1769922021728,1
179958138,19.657,29.3,1769922021728,1
179958139,19.656,7.5,1769922021728,1
179958140,19.655,29.4,1769922021728,1
179958141,19.654,49.7,1769922021728,1
179958142,19.653,8.3,1769922021730,1
179958143,19.652,1.9,1769922021768,1
179958144,19.651,8.1,1769922021768,1
179958145,19.652,8.6,1769922021833,0
179958146,19.653,0.6,1769922021833,0
179958147,19.654,4.8,1769922021833,0
179958148,19.655,5.2,1769922021833,0
179958149,19.656,3.6,1769922021833,0
179958150,19.657,8.7,1769922021833,0
179958151,19.658,13.2,1769922021833,0
179958152,19.659,11.7,1769922021833,0
179958153,19.66,29.6,1769922021833,0
179958154,19.656,4.2,1769922021924,1
179958155,19.655,7.9,1769922021924,1
179958156,19.654,14.2,1769922021924,1
179958157,19.653,10.0,1769922021933,1
179958158,19.652,11.5,1769922021933,1
179958159,19.651,21.2,1769922022018,1
179958160,19.65,6.5,1769922022018,1
179958161,19.649,7.2,1769922022018,1
179958162,19.648,32.4,1769922022018,1
179958163,19.647,8.5,1769922022018,1
179958164,19.646,12.4,1769922022018,1
179958165,19.645,26.4,1769922022018,1
179958166,19.646,4.2,1769922022025,0
179958167,19.647,1.1,1769922022060,1
179958168,19.651,0.3,1769922022061,0
179958169,19.649,2.1,1769922022121,0
179958170,19.648,6.3,1769922022155,0
179958171,19.649,13.8,1769922022155,0
179958172,19.647,13.9,1769922022176,1
179958173,19.646,181.1,1769922022176,1
179958174,19.645,1.3,1769922022187,1
179958175,19.644,399.6,1769922022187,1
179958176,19.643,0.9,1769922022192,1
179958177,19.644,0.6,1769922022216,0
179958178,19.645,1.3,1769922022217,0
179958179,19.647,7.5,1769922022217,0
179958180,19.648,0.6,1769922022217,0
179958181,19.649,9.6,1769922022217,0
179958182,19.65,7.5,1769922022217,0
179958183,19.646,7.2,1769922022218,0
179958184,19.647,3.2,1769922022219,0
179958185,19.65,4.2,1769922022219,0
179958186,19.651,16.7,1769922022241,0
179958187,19.652,0.9,1769922022304,0
179958188,19.653,44.5,1769922022304,0
179958189,19.652,4.2,1769922022304,1
179958190,19.651,21.6,1769922022304,1
179958191,19.65,14.1,1769922022304,1
179958192,19.649,11.8,1769922022304,1
179958193,19.648,3.3,1769922022304,1
179958194,19.653,6.9,1769922022305,0
179958195,19.654,0.6,1769922022431,0
179958196,19.653,0.8,1769922022503,1
179958197,19.652,7.2,1769922022503,1
179958198,19.651,5.4,1769922022503,1
179958199,19.65,8.8,1769922022503,1
179958200,19.65,4.3,1769922022666,1
179958201,19.649,3.8,1769922022666,1
179958202,19.648,6.6,1769922022666,1
179958203,19.647,10.7,1769922022666,1
179958204,19.646,24.0,1769922022666,1
179958205,19.645,0.6,1769922022666,1
179958206,19.646,2.4,1769922022704,1
179958207,19.647,0.4,1769922022860,1
179958208,19.646,4.2,1769922022860,1
179958209,19.645,0.6,1769922022860,1
179958210,19.644,8.1,1769922022860,1
179958211,19.643,5.0,1769922022860,1
179958212,19.65,0.5,1769922022908,0
179958213,19.651,0.6,1769922022911,0
179958214,19.652,1.6,1769922022913,0
179958215,19.653,11.5,1769922022915,0
179958216,19.653,0.3,1769922022933,1
179958217,19.654,6.8,1769922022933,0
179958218,19.655,7.6,1769922023007,0
179958219,19.655,18.9,1769922023025,1
179958220,19.654,8.5,1769922023025,1
179958221,19.653,9.8,1769922023025,1
179958222,19.652,7.9,1769922023025,1
179958223,19.651,5.7,1769922023025,1
179958224,19.654,3.4,1769922023084,0
179958225,19.653,6.4,1769922023110,1
179958226,19.654,1.0,1769922023148,0
179958227,19.655,10.9,1769922023148,0
179958228,19.654,1.6,1769922023247,1
179958229,19.653,9.1,1769922023247,1
179958230,19.652,7.6,1769922023247,1
179958231,19.655,40.5,1769922023283,0
179958232,19.656,9.5,1769922023283,0
179958233,19.657,12.0,1769922023283,0
179958234,19.658,0.6,1769922023283,0
179958235,19.659,20.3,1769922023283,0
179958236,19.66,12.9,1769922023283,0
179958237,19.661,19.0,1769922023283,0
179958238,19.662,15.9,1769922023283,0
179958239,19.663,18.1,1769922023283,0
179958240,19.656,3.2,1769922023327,1
179958241,19.655,0.4,1769922023350,1
179958242,19.657,0.5,1769922023394,0
179958243,19.659,0.2,1769922023454,0
179958244,19.656,13.4,1769922023495,1
179958245,19.655,17.1,1769922023528,1
179958246,19.654,9.6,1769922023528,1
179958247,19.653,14.1,1769922023528,1
179958248,19.652,19.0,1769922023528,1
179958249,19.651,15.3,1769922023528,1
179958250,19.65,8.1,1769922023528,1
179958251,19.649,22.9,1769922023529,1
179958252,19.648,54.3,1769922023529,1
179958253,19.647,37.2,1769922023529,1
179958254,19.646,20.7,1769922023529,1
179958255,19.645,31.5,1769922023529,1
179958256,19.644,2.9,1769922023529,1
179958257,19.65,0.3,1769922023616,1
179958258,19.649,1.0,1769922023616,1
179958259,19.648,7.2,1769922023616,1
179958260,19.647,0.6,1769922023616,1
179958261,19.646,1.5,1769922023616,1
179958262,19.645,18.0,1769922023616,1
179958263,19.644,25.5,1769922023616,1
179958264,19.643,46.2,1769922023616,1
179958265,19.642,23.4,1769922023617,1
179958266,19.641,117.5,1769922023617,1
179958267,19.64,12.2,1769922023617,1
179958268,19.647,4.9,1769922023618,1
179958269,19.642,1.3,1769922023684,1
179958270,19.641,3.4,1769922023684,1
179958271,19.64,10.2,1769922023684,1
179958272,19.639,2.7,1769922023684,1
179958273,19.644,9.5,1769922023719,0
179958274,19.645,11.1,1769922023719,0
179958275,19.647,0.6,1769922023757,0
179958276,19.648,0.6,1769922023758,0
179958277,19.649,0.6,1769922023810,0
179958278,19.65,0.6,1769922023811,0
179958279,19.651,0.6,1769922023813,0
179958280,19.651,14.1,1769922023827,1
179958281,19.646,0.6,1769922023870,1
179958282,19.645,0.6,1769922023870,1
179958283,19.644,1.5,1769922023870,1
179958284,19.643,0.9,1769922023870,1
179958285,19.642,16.7,1769922023870,1
179958286,19.644,3.0,1769922023916,1
179958287,19.644,1.9,1769922024003,0
179958288,19.643,0.6,1769922024052,1
179958289,19.642,0.7,1769922024059,1
179958290,19.641,1.7,1769922024113,1
179958291,19.64,0.6,1769922024164,1
179958292,19.64,26.1,1769922024177,0
179958293,19.641,0.4,1769922024177,0
179958294,19.639,7.2,1769922024178,1
179958295,19.638,48.2,1769922024178,1
179958296,19.637,2.6,1769922024178,1
179958297,19.636,1.8,1769922024178,1
179958298,19.635,20.0,1769922024178,1
179958299,19.636,5.0,1769922024181,0
179958300,19.64,4.8,1769922024217,0
179958301,19.641,14.8,1769922024217,0
179958302,19.642,9.9,1769922024217,0
179958303,19.643,14.5,1769922024217,0
179958304,19.644,95.9,1769922024217,0
179958305,19.643,6.4,1769922024245,1
179958306,19.644,2.2,1769922024289,0
179958307,19.643,1.7,1769922024308,0
179958308,19.639,0.8,1769922024317,0
179958309,19.644,19.6,1769922024374,0
179958310,19.645,6.0,1769922024374,0
179958311,19.646,0.6,1769922024374,0
179958312,19.647,3.6,1769922024374,0
179958313,19.643,0.6,1769922024533,0
179958314,19.644,2.5,1769922024537,1
179958315,19.645,0.6,1769922024606,0
179958316,19.648,0.6,1769922024642,0
179958317,19.649,0.6,1769922024642,0
179958318,19.65,10.6,1769922024642,0
179958319,19.651,0.6,1769922024642,0
179958320,19.652,11.4,1769922024642,0
179958321,19.653,17.1,1769922024646,0
179958322,19.654,15.9,1769922024646,0
179958323,19.655,1.2,1769922024646,0
179958324,19.656,15.9,1769922024646,0
179958325,19.657,10.5,1769922024646,0
179958326,19.653,1.0,1769922024648,0
179958327,19.658,0.9,1769922024650,0
179958328,19.659,13.0,1769922024652,0
179958329,19.66,1.2,1769922024703,0
179958330,19.661,2.7,1769922024703,0
179958331,19.662,6.6,1769922024703,0
179958332,19.663,12.0,1769922024703,0
179958333,19.664,27.4,1769922024703,0
179958334,19.659,3.8,1769922024742,1
179958335,19.659,3.5,1769922024757,0
179958336,19.658,3.5,1769922024777,0
179958337,19.659,7.7,1769922024777,0
179958338,19.658,4.2,1769922024788,1
179958339,19.657,4.8,1769922024788,1
179958340,19.656,1.5,1769922024788,1
179958341,19.655,12.6,1769922024788,1
179958342,19.654,4.9,1769922024788,1
179958343,19.653,33.7,1769922024788,1
179958344,19.652,20.3,1769922024788,1
179958345,19.651,2.6,1769922024788,1
179958346,19.65,29.3,1769922024788,1
179958347,19.649,8.9,1769922024788,1
179958348,19.648,8.3,1769922024788,1
179958349,19.651,1.5,1769922024853,1
179958350,19.656,12.9,1769922024917,0
179958351,19.657,0.6,1769922024945,0
179958352,19.658,0.6,1769922024945,0
179958353,19.659,1.5,1769922025026,0
179958354,19.66,0.6,1769922025026,0
179958355,19.661,1.5,1769922025026,0
179958356,19.662,2.6,1769922025026,0
179958357,19.663,0.3,1769922025026,0
179958358,19.662,0.1,1769922025041,0
179958359,19.655,7.6,1769922025064,1
179958360,19.654,1.3,1769922025064,1
179958361,19.657,8.9,1769922025084,0
179958362,19.656,19.6,1769922025088,0
179958363,19.656,2.4,1769922025123,1
179958364,19.654,41.0,1769922025123,1
179958365,19.654,6.9,1769922025235,1
179958366,19.653,3.3,1769922025240,1
179958367,19.652,10.6,1769922025240,1
179958368,19.651,27.7,1769922025240,1
179958369,19.65,7.6,1769922025240,1
179958370,19.649,0.6,1769922025240,1
179958371,19.648,18.8,1769922025240,1
179958372,19.647,3.0,1769922025240,1
179958373,19.649,5.0,1769922025244,0
179958374,19.649,0.6,1769922025319,1
179958375,19.648,1.6,1769922025322,1
179958376,19.648,5.0,1769922025456,0
179958377,19.649,0.6,1769922025546,0
179958378,19.65,3.4,1769922025546,0
179958379,19.648,0.7,1769922025563,1
179958380,19.649,2.0,1769922025788,1
179958381,19.649,9.0,1769922025901,1
179958382,19.649,13.2,1769922026033,1
179958383,19.648,11.5,1769922026033,1
179958384,19.647,4.5,1769922026033,1
179958385,19.647,2.6,1769922026062,0
179958386,19.646,18.9,1769922026113,1
179958387,19.645,0.6,1769922026113,1
179958388,19.644,15.3,1769922026113,1
179958389,19.644,20.5,1769922026480,1
179958390,19.644,31.5,1769922026673,1
179958391,19.643,0.6,1769922026673,1
179958392,19.642,1.5,1769922026673,1
179958393,19.641,0.6,1769922026673,1
179958394,19.64,1.5,1769922026673,1
179958395,19.639,86.4,1769922026673,1
179958396,19.639,2.5,1769922026686,0
179958397,19.638,0.9,1769922026756,1
179958398,19.637,2.6,1769922026756,1
179958399,19.636,1.4,1769922026756,1
179958400,19.637,8.4,1769922026797,0
179958401,19.638,0.6,1769922026807,0
179958402,19.639,0.6,1769922026807,0
179958403,19.64,2.9,1769922026807,0
179958404,19.641,4.7,1769922026807,0
179958405,19.642,5.9,1769922026807,0
179958406,19.643,11.7,1769922026807,0
179958407,19.644,39.3,1769922026807,0
179958408,19.645,39.0,1769922026807,0
179958409,19.646,4.7,1769922026807,0
179958410,19.647,70.5,1769922026807,0
179958411,19.648,12.9,1769922026807,0
179958412,19.649,26.0,1769922026807,0
179958413,19.65,164.1,1769922026807,0
179958414,19.651,38.2,1769922026807,0
179958415,19.652,13.9,1769922026807,0
179958416,19.653,41.6,1769922026807,0
179958417,19.654,23.4,1769922026807,0
179958418,19.644,33.6,1769922026809,0
179958419,19.645,0.6,1769922026809,0
179958420,19.646,1.0,1769922026809,0
179958421,19.654,7.5,1769922026809,0
179958422,19.65,1.9,1769922026819,0
179958423,19.652,3.8,1769922026880,0
179958424,19.649,10.1,1769922026941,1
179958425,19.649,8.3,1769922027096,0
179958426,19.65,4.7,1769922027096,0
179958427,19.651,18.6,1769922027096,0
179958428,19.652,5.7,1769922027183,0
179958429,19.653,0.2,1769922027183,0
179958430,19.649,0.6,1769922027227,1
179958431,19.648,5.7,1769922027227,1
179958432,19.648,15.0,1769922027333,1
179958433,19.649,6.6,1769922027585,0
179958434,19.65,0.6,1769922027585,0
179958435,19.651,4.4,1769922027585,0
179958436,19.648,0.9,1769922027617,1
179958437,19.65,1.0,1769922027673,0
179958438,19.648,0.3,1769922027714,1
179958439,19.651,0.4,1769922027735,0
179958440,19.652,1.0,1769922027744,0
179958441,19.651,22.5,1769922027798,1
179958442,19.65,2.5,1769922027798,1
179958443,19.652,0.6,1769922027841,0
179958444,19.654,0.6,1769922027841,0
179958445,19.655,68.7,1769922027842,0
179958446,19.656,0.6,1769922027844,0
179958447,19.657,11.2,1769922027845,0
179958448,19.658,0.6,1769922027851,0
179958449,19.658,4.4,1769922027853,1
179958450,19.659,0.6,1769922027856,0
179958451,19.66,4.1,1769922027856,0
179958452,19.661,1.2,1769922027859,0
179958453,19.662,1.3,1769922027859,0
179958454,19.663,0.9,1769922027859,0
179958455,19.664,0.6,1769922027859,0
179958456,19.665,8.9,1769922027859,0
179958457,19.666,12.2,1769922027859,0
179958458,19.667,20.8,1769922027859,0
179958459,19.668,2.2,1769922027873,0
179958460,19.669,1.5,1769922027873,0
179958461,19.67,213.9,1769922027873,0
179958462,19.67,11.9,1769922028031,0
179958463,19.671,1.2,1769922028036,0
179958464,19.672,5.0,1769922028064,0
179958465,19.673,7.7,1769922028064,0
179958466,19.674,0.9,1769922028064,0
179958467,19.675,1.8,1769922028064,0
179958468,19.676,10.1,1769922028064,0
179958469,19.675,2.5,1769922028093,1
179958470,19.673,12.1,1769922028093,1
179958471,19.672,4.9,1769922028128,1
179958472,19.671,11.1,1769922028128,1
179958473,19.67,26.6,1769922028128,1
179958474,19.669,6.8,1769922028128,1
179958475,19.676,0.8,1769922028170,0
179958476,19.672,2.0,1769922028327,1
179958477,19.676,246.1,1769922028341,0
179958478,19.677,2.1,1769922028394,0
179958479,19.678,91.0,1769922028395,0
179958480,19.678,2.5,1769922028403,1
179958481,19.675,4.7,1769922028473,1
179958482,19.674,22.3,1769922028473,1
179958483,19.676,1.2,1769922028500,0
179958484,19.674,0.6,1769922028519,1
179958485,19.673,2.8,1769922028519,1
179958486,19.672,2.0,1769922028754,1
179958487,19.673,7.7,1769922028816,0
179958488,19.674,4.9,1769922028816,0
179958489,19.675,5.2,1769922028816,0
179958490,19.672,5.7,1769922028844,1
179958491,19.671,2.0,1769922028852,1
179958492,19.671,16.7,1769922028866,0
179958493,19.672,4.2,1769922028868,0
179958494,19.673,0.6,1769922028876,0
179958495,19.674,0.6,1769922028876,0
179958496,19.675,0.6,1769922028876,0
179958497,19.675,2.0,1769922028891,1
179958498,19.676,1.3,1769922028965,0
179958499,19.677,0.6,1769922028965,0
179958500,19.678,4.3,1769922028965,0
179958501,19.678,0.4,1769922029207,0
179958502,19.677,0.7,1769922029219,1
179958503,19.676,4.8,1769922029219,1
179958504,19.675,3.8,1769922029219,1
179958505,19.674,33.2,1769922029219,1
179958506,19.673,0.6,1769922029219,1
179958507,19.672,11.4,1769922029219,1
179958508,19.671,16.9,1769922029219,1
179958509,19.672,14.5,1769922029247,0
179958510,19.675,4.3,1769922029307,0
179958511,19.676,5.4,1769922029307,0
179958512,19.677,8.4,1769922029325,0
179958513,19.678,8.1,1769922029325,0
179958514,19.679,14.6,1769922029325,0
179958515,19.672,3.7,1769922029340,1
179958516,19.671,0.6,1769922029359,1
179958517,19.67,12.7,1769922029359,1
179958518,19.67,3.0,1769922029482,1
179958519,19.669,30.0,1769922029486,1
179958520,19.668,122.1,1769922029487,1
179958521,19.668,2.5,1769922029570,0
179958522,19.669,0.6,1769922029570,0
179958523,19.67,46.7,1769922029570,0
179958524,19.671,10.2,1769922029570,0
179958525,19.672,15.8,1769922029570,0
179958526,19.673,4.7,1769922029570,0
179958527,19.667,6.8,1769922029633,1
179958528,19.666,64.2,1769922029633,1
179958529,19.667,2.5,1769922029687,0
179958530,19.668,0.6,1769922029690,0
179958531,19.669,1.5,1769922029691,0
179958532,19.671,0.9,1769922029696,0
179958533,19.672,7.2,1769922029696,0
179958534,19.673,9.7,1769922029696,0
179958535,19.674,26.9,1769922029696,0
179958536,19.675,26.7,1769922029696,0
179958537,19.676,23.7,1769922029696,0
179958538,19.677,43.5,1769922029696,0
179958539,19.678,23.7,1769922029696,0
179958540,19.679,48.5,1769922029696,0
179958541,19.68,8.1,1769922029696,0
179958542,19.681,3.6,1769922029773,0
179958543,19.682,5.4,1769922029773,0
179958544,19.683,13.2,1769922029774,0
179958545,19.684,0.6,1769922029782,0
179958546,19.685,44.4,1769922029783,0
179958547,19.685,16.5,1769922029822,1
179958548,19.684,19.7,1769922029822,1
179958549,19.683,12.0,1769922029822,1
179958550,19.682,8.6,1769922029822,1
179958551,19.681,3.5,1769922029822,1
179958552,19.686,0.9,1769922029915,0
179958553,19.687,2.5,1769922029916,0
179958554,19.688,4.7,1769922029916,0
179958555,19.687,2.8,1769922029926,0
179958556,19.689,1.5,1769922029938,0
179958557,19.69,3.3,1769922029938,0
179958558,19.688,5.4,1769922030007,1
179958559,19.687,0.6,1769922030098,1
179958560,19.685,1.1,1769922030122,0
179958561,19.684,0.6,1769922030134,1
179958562,19.683,0.6,1769922030134,1
179958563,19.682,25.7,1769922030134,1
179958564,19.681,0.6,1769922030134,1
179958565,19.68,8.4,1769922030134,1
179958566,19.679,21.1,1769922030134,1
179958567,19.678,30.8,1769922030134,1
179958568,19.677,11.9,1769922030134,1
179958569,19.676,15.8,1769922030134,1
179958570,19.675,35.3,1769922030134,1
179958571,19.674,19.1,1769922030134,1
179958572,19.673,18.7,1769922030134,1
179958573,19.672,4.9,1769922030134,1
179958574,19.671,34.6,1769922030134,1
179958575,19.672,2.5,1769922030138,0
179958576,19.674,6.0,1769922030141,1
179958577,19.677,0.6,1769922030153,0
179958578,19.674,0.6,1769922030221,1
179958579,19.673,0.6,1769922030253,1
179958580,19.672,1.5,1769922030253,1
179958581,19.671,0.6,1769922030269,1
179958582,19.671,4.3,1769922030302,0
179958583,19.672,3.0,1769922030302,0
179958584,19.673,4.0,1769922030302,0
179958585,19.674,6.5,1769922030302,0
179958586,19.675,8.3,1769922030302,0
179958587,19.676,14.5,1769922030302,0
179958588,19.677,1.7,1769922030302,0
179958589,19.671,8.0,1769922030370,1
179958590,19.67,4.7,1769922030370,1
179958591,19.673,1.8,1769922030387,0
179958592,19.67,4.8,1769922030489,1
179958593,19.669,6.9,1769922030491,1
179958594,19.668,9.8,1769922030491,1
179958595,19.667,6.1,1769922030492,1
179958596,19.667,2.5,1769922030559,0
179958597,19.669,1.5,1769922030559,0
179958598,19.67,2.5,1769922030559,0
179958599,19.667,12.1,1769922030751,1
179958600,19.666,316.3,1769922030753,1
179958601,19.665,0.6,1769922030756,1
179958602,19.664,1.9,1769922030756,1
179958603,19.663,2.6,1769922030817,1
179958604,19.662,1.2,1769922030817,1
179958605,19.661,0.6,1769922030889,1
179958606,19.66,1.2,1769922030889,1
179958607,19.658,1.5,1769922030889,1
179958608,19.657,2.0,1769922030889,1
179958609,19.656,18.1,1769922030991,1
179958610,19.655,0.6,1769922030993,1
179958611,19.654,2.6,1769922031014,1
179958612,19.653,1.0,1769922031014,1
179958613,19.652,4.9,1769922031144,1
179958614,19.651,10.7,1769922031144,1
179958615,19.65,6.3,1769922031144,1
179958616,19.651,1.0,1769922031190,0
179958617,19.65,5.2,1769922031238,1
179958618,19.649,0.6,1769922031243,1
179958619,19.648,13.8,1769922031245,1
179958620,19.648,16.3,1769922031277,0
179958621,19.649,3.1,1769922031540,0
179958622,19.65,1.2,1769922031554,0
179958623,19.651,1.5,1769922031566,0
179958624,19.652,9.3,1769922031566,0
179958625,19.65,0.8,1769922031578,1
179958626,19.649,8.9,1769922031578,1
179958627,19.648,12.6,1769922031578,1
179958628,19.647,1.9,1769922031608,1
179958629,19.652,0.6,1769922031649,0
179958630,19.653,1.4,1769922031746,0
179958631,19.652,4.3,1769922031892,1
179958632,19.651,5.4,1769922031892,1
179958633,19.653,0.1,1769922031951,0
179958634,19.654,0.6,1769922031951,0
179958635,19.655,3.1,1769922031951,0
179958636,19.656,5.3,1769922031951,0
179958637,19.657,1.5,1769922031951,0
179958638,19.658,0.6,1769922032007,0
179958639,19.659,0.6,1769922032007,0
179958640,19.66,1.2,1769922032021,0
179958641,19.66,8.4,1769922032047,1
179958642,19.659,2.3,1769922032047,1
179958643,19.658,20.8,1769922032047,1
179958644,19.657,18.3,1769922032047,1
179958645,19.656,4.2,1769922032047,1
179958646,19.655,12.5,1769922032047,1
179958647,19.654,1.0,1769922032047,1
179958648,19.658,2.1,1769922032055,0
179958649,19.66,2.7,1769922032086,0
179958650,19.659,4.2,1769922032139,1
179958651,19.658,20.1,1769922032139,1
179958652,19.66,1.3,1769922032153,0
179958653,19.66,3.9,1769922032333,0
179958654,19.661,1.2,1769922032333,0
179958655,19.66,11.3,1769922032529,0
179958656,19.661,8.7,1769922032529,0
179958657,19.659,0.8,1769922032611,1
179958658,19.658,18.7,1769922032613,1
179958659,19.657,0.6,1769922032613,1
179958660,19.656,1.5,1769922032614,1
179958661,19.655,2.1,1769922032614,1
179958662,19.654,1.5,1769922032614,1
179958663,19.653,16.0,1769922032614,1
179958664,19.652,37.3,1769922032614,1
179958665,19.651,23.6,1769922032614,1
179958666,19.65,30.5,1769922032614,1
179958667,19.649,5.7,1769922032614,1
179958668,19.648,28.9,1769922032614,1
179958669,19.647,10.7,1769922032614,1
179958670,19.646,15.1,1769922032614,1
179958671,19.645,5.4,1769922032614,1
179958672,19.644,49.5,1769922032614,1
179958673,19.643,86.7,1769922032614,1
179958674,19.642,13.4,1769922032614,1
179958675,19.641,28.0,1769922032614,1
179958676,19.64,51.2,1769922032614,1
179958677,19.642,0.6,1769922032674,1
179958678,19.641,0.6,1769922032674,1
179958679,19.64,0.8,1769922032674,1
179958680,19.642,4.2,1769922032721,1
179958681,19.641,7.1,1769922032721,1
179958682,19.64,1.8,1769922032721,1
179958683,19.642,3.0,1769922032852,0
179958684,19.643,0.6,1769922032852,0
179958685,19.644,4.2,1769922032852,0
179958686,19.645,10.7,1769922032852,0
179958687,19.646,9.4,1769922032852,0
179958688,19.647,22.1,1769922032852,0
179958689,19.645,4.3,1769922032991,1
179958690,19.645,2.8,1769922033110,0
179958691,19.643,0.4,1769922033247,1
179958692,19.641,0.3,1769922033251,1
179958693,19.642,4.2,1769922033356,1
179958694,19.641,0.6,1769922033361,1
179958695,19.64,53.2,1769922033361,1
179958696,19.639,3.1,1769922033378,1
179958697,19.638,8.4,1769922033379,1
179958698,19.637,0.6,1769922033446,1
179958699,19.636,2.7,1769922033446,1
179958700,19.635,0.6,1769922033446,1
179958701,19.634,21.6,1769922033446,1
179958702,19.633,33.1,1769922033446,1
179958703,19.634,2.5,1769922033481,0
179958704,19.636,0.6,1769922033508,0
179958705,19.636,0.3,1769922033544,1
179958706,19.637,1.6,1769922033552,0
179958707,19.638,5.1,1769922033552,0
179958708,19.639,0.6,1769922033583,0
179958709,19.64,4.0,1769922033696,0
179958710,19.641,6.1,1769922033696,0
179958711,19.642,0.6,1769922033696,0
179958712,19.642,1.5,1769922033762,1
179958713,19.643,1.3,1769922033763,0
179958714,19.642,9.4,1769922033795,1
179958715,19.642,10.6,1769922034060,1
179958716,19.641,0.6,1769922034060,1
179958717,19.64,0.6,1769922034067,1
179958718,19.639,1.4,1769922034090,1
179958719,19.639,0.3,1769922034101,0
179958720,19.638,0.6,1769922034113,1
179958721,19.638,17.9,1769922034117,0
179958722,19.639,22.5,1769922034117,0
179958723,19.64,8.7,1769922034117,0
179958724,19.638,0.3,1769922034133,1
179958725,19.64,0.6,1769922034156,0
179958726,19.641,1.5,1769922034156,0
179958727,19.642,0.6,1769922034212,0
179958728,19.643,20.5,1769922034212,0
179958729,19.644,0.6,1769922034216,0
179958730,19.645,1.5,1769922034216,0
179958731,19.645,8.0,1769922034291,1
179958732,19.644,12.8,1769922034323,1
179958733,19.643,18.6,1769922034323,1
179958734,19.642,3.9,1769922034323,1
179958735,19.641,5.6,1769922034323,1
179958736,19.64,22.8,1769922034323,1
179958737,19.639,56.2,1769922034323,1
179958738,19.638,31.1,1769922034323,1
179958739,19.637,0.6,1769922034323,1
179958740,19.636,21.5,1769922034323,1
179958741,19.635,25.2,1769922034323,1
179958742,19.634,21.6,1769922034323,1
179958743,19.633,63.4,1769922034323,1
179958744,19.632,35.0,1769922034323,1
179958745,19.631,17.8,1769922034323,1
179958746,19.63,40.3,1769922034323,1
179958747,19.629,49.2,1769922034323,1
179958748,19.628,31.7,1769922034323,1
179958749,19.627,38.2,1769922034323,1
179958750,19.635,1.0,1769922034325,1
179958751,19.636,5.0,1769922034354,0
179958752,19.632,1.0,1769922034396,1
179958753,19.637,9.2,1769922034527,0
179958754,19.634,4.9,1769922034573,1
179958755,19.633,4.8,1769922034573,1
179958756,19.632,7.6,1769922034573,1
179958757,19.631,5.7,1769922034573,1
179958758,19.63,15.9,1769922034573,1
179958759,19.629,54.6,1769922034573,1
179958760,19.628,8.1,1769922034573,1
179958761,19.627,7.3,1769922034573,1
179958762,19.626,27.3,1769922034573,1
179958763,19.625,41.7,1769922034573,1
179958764,19.632,2.9,1769922034621,1
179958765,19.63,3.4,1769922034621,1
179958766,19.632,10.1,1769922034853,0
179958767,19.631,1.9,1769922035032,1
179958768,19.63,4.2,1769922035062,1
179958769,19.629,22.0,1769922035066,0
179958770,19.63,13.4,1769922035067,0
179958771,19.631,99.9,1769922035067,0
179958772,19.63,5.1,1769922035067,0
179958773,19.631,12.3,1769922035067,0
179958774,19.632,16.1,1769922035067,0
179958775,19.633,0.6,1769922035069,0
179958776,19.634,0.6,1769922035069,0
179958777,19.635,8.4,1769922035069,0
179958778,19.636,4.2,1769922035074,0
179958779,19.637,0.6,1769922035132,0
179958780,19.638,0.9,1769922035134,0
179958781,19.639,4.3,1769922035138,0
179958782,19.638,3.7,1769922035184,1
179958783,19.638,5.5,1769922035402,1
179958784,19.639,4.6,1769922035456,0
179958785,19.64,0.6,1769922035458,0
179958786,19.642,0.6,1769922035506,0
179958787,19.644,0.6,1769922035506,0
179958788,19.644,11.5,1769922035510,1
179958789,19.642,20.9,1769922035511,0
179958790,19.644,0.6,1769922035594,0
179958791,19.645,11.3,1769922035594,0
179958792,19.646,7.1,1769922035594,0
179958793,19.647,1.8,1769922035594,0
179958794,19.648,1.6,1769922035594,0
179958795,19.649,12.3,1769922035594,0
179958796,19.642,1.4,1769922035597,1
179958797,19.65,3.5,1769922035653,0
179958798,19.651,7.3,1769922035654,0
179958799,19.652,0.6,1769922035722,0
179958800,19.653,2.5,1769922035728,0
179958801,19.654,0.6,1769922035732,0
179958802,19.655,2.5,1769922035732,0
179958803,19.656,2.5,1769922035732,0
179958804,19.657,1.8,1769922035734,0
179958805,19.658,4.2,1769922035734,0
179958806,19.659,92.1,1769922035738,0
179958807,19.66,0.9,1769922035740,0
179958808,19.661,20.2,1769922035740,0
179958809,19.662,14.7,1769922035740,0
179958810,19.661,0.6,1769922035922,1
179958811,19.659,0.6,1769922035923,1
179958812,19.658,3.1,1769922035928,1
179958813,19.656,1.5,1769922035939,1
179958814,19.655,1.7,1769922035964,1
179958815,19.654,4.8,1769922035964,1
179958816,19.653,3.9,1769922035964,1
179958817,19.652,38.4,1769922035964,1
179958818,19.653,0.3,1769922035966,1
179958819,19.653,0.3,1769922036007,0
179958820,19.652,10.1,1769922036070,1
179958821,19.654,9.0,1769922036110,0
179958822,19.652,13.0,1769922036199,1
179958823,19.652,10.3,1769922036330,1
179958824,19.651,1.0,1769922036330,1
179958825,19.65,8.6,1769922036330,1
179958826,19.649,31.0,1769922036330,1
179958827,19.648,11.0,1769922036330,1
179958828,19.647,10.2,1769922036331,1
179958829,19.646,7.5,1769922036331,1
179958830,19.647,7.9,1769922036362,1
179958831,19.645,1.6,1769922036362,1
179958832,19.644,16.2,1769922036362,1
179958833,19.643,42.9,1769922036362,1
179958834,19.642,7.9,1769922036362,1
179958835,19.641,7.8,1769922036362,1
179958836,19.64,17.5,1769922036362,1
179958837,19.639,9.7,1769922036362,1
179958838,19.638,6.6,1769922036362,1
179958839,19.639,7.4,1769922036373,1
179958840,19.638,8.7,1769922036390,1
179958841,19.637,0.9,1769922036390,1
179958842,19.636,39.8,1769922036390,1
179958843,19.641,7.2,1769922036420,0
179958844,19.644,0.6,1769922036441,0
179958845,19.641,1.6,1769922036482,1
179958846,19.643,4.1,1769922036491,0
179958847,19.644,11.5,1769922036491,0
179958848,19.645,15.4,1769922036491,0
179958849,19.646,19.8,1769922036491,0
179958850,19.643,1.6,1769922036564,1
179958851,19.642,2.8,1769922036564,1
179958852,19.646,4.1,1769922036863,1
179958853,19.645,27.5,1769922036863,1
179958854,19.645,15.8,1769922037019,1
179958855,19.644,0.6,1769922037087,1
179958856,19.643,0.6,1769922037089,1
179958857,19.642,4.5,1769922037089,1
179958858,19.642,10.2,1769922037206,0
179958859,19.643,0.6,1769922037210,0
179958860,19.642,2.7,1769922037273,1
179958861,19.644,0.6,1769922037357,0
179958862,19.645,0.6,1769922037357,0
179958863,19.646,20.9,1769922037357,0
179958864,19.647,0.6,1769922037500,0
179958865,19.647,8.1,1769922037511,1
179958866,19.647,19.4,1769922037610,0
179958867,19.648,4.5,1769922037610,0
179958868,19.646,12.8,1769922037645,1
179958869,19.646,156.9,1769922037753,0
179958870,19.647,0.6,1769922037789,0
179958871,19.648,30.3,1769922037789,0
179958872,19.649,1.5,1769922037789,0
179958873,19.647,3.9,1769922037822,1
179958874,19.646,5.7,1769922037822,1
179958875,19.649,8.0,1769922037965,0
179958876,19.65,0.4,1769922037998,0
179958877,19.648,1.8,1769922038011,1
179958878,19.649,3.5,1769922038063,0
179958879,19.648,34.6,1769922038069,1
179958880,19.647,3.3,1769922038069,1
179958881,19.648,2.0,1769922038080,1
179958882,19.649,1.5,1769922038110,0
179958883,19.65,7.9,1769922038110,0
179958884,19.651,1.5,1769922038110,0
179958885,19.652,0.6,1769922038157,0
179958886,19.653,0.7,1769922038157,0
179958887,19.654,0.6,1769922038256,0
179958888,19.655,1.5,1769922038256,0
179958889,19.656,6.5,1769922038456,0
179958890,19.657,1.5,1769922038456,0
179958891,19.658,2.0,1769922038456,0
179958892,19.659,4.1,1769922038456,0
179958893,19.66,1.4,1769922038456,0
179958894,19.656,1.1,1769922038468,1
179958895,19.66,4.4,1769922038478,0
179958896,19.661,3.8,1769922038480,0
179958897,19.662,0.9,1769922038480,0
179958898,19.663,2.4,1769922038481,0
179958899,19.663,0.6,1769922038489,1
179958900,19.662,4.8,1769922038522,1
179958901,19.661,2.4,1769922038522,1
179958902,19.66,12.8,1769922038522,1
179958903,19.663,0.6,1769922038734,0
179958904,19.664,0.3,1769922038734,0
179958905,19.665,1.5,1769922038734,0
179958906,19.666,4.5,1769922038734,0
179958907,19.667,84.7,1769922038735,0
179958908,19.668,4.7,1769922038735,0
179958909,19.666,13.1,1769922038749,1
179958910,19.669,0.9,1769922038792,0
179958911,19.669,4.2,1769922038799,1
179958912,19.666,1.5,1769922038878,1
179958913,19.665,0.6,1769922038879,1
179958914,19.664,2.5,1769922038879,1
179958915,19.663,14.4,1769922038990,1
179958916,19.662,1.5,1769922038990,1
179958917,19.661,0.7,1769922038990,1
179958918,19.662,10.8,1769922039061,0
179958919,19.663,0.6,1769922039061,0
179958920,19.664,1.2,1769922039061,0
179958921,19.663,0.7,1769922039102,0
179958922,19.662,3.6,1769922039120,0
179958923,19.663,0.6,1769922039151,0
179958924,19.664,4.8,1769922039151,0
179958925,19.665,5.7,1769922039151,0
179958926,19.666,1.7,1769922039151,0
179958927,19.664,3.3,1769922039442,0
179958928,19.662,17.3,1769922039507,1
179958929,19.661,2.7,1769922039507,1
179958930,19.665,0.6,1769922039721,0
179958931,19.666,4.5,1769922039722,0
179958932,19.667,3.3,1769922039722,0
179958933,19.668,0.6,1769922039744,0
179958934,19.669,98.1,1769922039744,0
179958935,19.67,193.5,1769922039747,0
179958936,19.671,129.4,1769922039749,0
179958937,19.67,4.2,1769922039896,1
179958938,19.671,7.2,1769922039997,0
179958939,19.67,7.7,1769922040075,1
179958940,19.669,0.6,1769922040105,1
179958941,19.669,3.9,1769922040122,0
179958942,19.669,21.0,1769922040236,0
179958943,19.67,19.0,1769922040236,0
179958944,19.671,0.6,1769922040243,0
179958945,19.67,3.0,1769922040554,1
179958946,19.671,10.5,1769922040702,0
179958947,19.672,80.0,1769922040702,0
179958948,19.673,153.9,1769922040702,0
179958949,19.674,0.9,1769922040702,0
179958950,19.675,6.7,1769922040702,0
179958951,19.676,1.2,1769922040702,0
179958952,19.677,11.1,1769922040702,0
179958953,19.678,163.9,1769922040702,0
179958954,19.679,1.5,1769922040771,0
179958955,19.68,102.8,1769922040786,0
179958956,19.681,3.9,1769922040786,0
179958957,19.682,4.5,1769922040788,0
179958958,19.683,1.5,1769922040788,0
179958959,19.683,13.8,1769922040955,1
179958960,19.682,0.6,1769922040955,1
179958961,19.681,15.6,1769922040955,1
179958962,19.68,8.3,1769922040955,1
179958963,19.679,15.6,1769922040955,1
179958964,19.678,26.1,1769922040955,1
179958965,19.683,3.5,1769922040958,1
179958966,19.681,15.0,1769922041036,0
179958967,19.682,7.7,1769922041036,0
179958968,19.683,8.9,1769922041036,0
179958969,19.684,13.2,1769922041036,0
179958970,19.685,2.3,1769922041036,0
179958971,19.686,13.6,1769922041036,0
179958972,19.687,27.1,1769922041036,0
179958973,19.688,40.2,1769922041036,0
179958974,19.689,49.2,1769922041036,0
179958975,19.69,28.9,1769922041036,0
179958976,19.691,57.5,1769922041036,0
179958977,19.692,0.3,1769922041039,0
179958978,19.691,2.5,1769922041078,1
179958979,19.692,8.8,1769922041078,0
179958980,19.693,23.2,1769922041078,0
179958981,19.689,1.2,1769922041164,0
179958982,19.69,0.6,1769922041187,0
179958983,19.691,8.1,1769922041187,0
179958984,19.692,0.3,1769922041187,0
179958985,19.693,104.8,1769922041190,0
179958986,19.694,1.5,1769922041192,0
179958987,19.695,2.5,1769922041192,0
179958988,19.696,8.1,1769922041192,0
179958989,19.697,9.9,1769922041192,0
179958990,19.698,5.4,1769922041192,0
179958991,19.699,10.9,1769922041193,0
179958992,19.7,603.0,1769922041193,0
179958993,19.701,29.8,1769922041194,0
179958994,19.702,8.6,1769922041195,0
179958995,19.703,1.5,1769922041196,0
179958996,19.704,2.1,1769922041197,0
179958997,19.705,1.5,1769922041197,0
179958998,19.706,5.2,1769922041203,0
179958999,19.707,1.5,1769922041203,0
179959000,19.708,0.6,1769922041203,0
179959001,19.709,1.5,1769922041203,0
179959002,19.709,0.6,1769922041205,1
179959003,19.703,11.8,1769922041272,1
179959004,19.702,56.6,1769922041272,1
179959005,19.701,0.6,1769922041348,1
179959006,19.699,3.8,1769922041348,1
179959007,19.698,0.6,1769922041348,1
179959008,19.697,25.7,1769922041350,1
179959009,19.696,1.6,1769922041355,1
179959010,19.695,0.6,1769922041379,1
179959011,19.694,0.6,1769922041381,1
179959012,19.693,1.8,1769922041389,1
179959013,19.692,0.6,1769922041391,1
179959014,19.69,3.8,1769922041391,1
179959015,19.688,0.3,1769922041410,1
179959016,19.687,5.8,1769922041410,1
179959017,19.686,0.9,1769922041410,1
179959018,19.685,2.5,1769922041478,1
179959019,19.684,4.8,1769922041478,1
179959020,19.683,9.3,1769922041478,1
179959021,19.682,25.7,1769922041478,1
179959022,19.682,112.3,1769922041831,0
179959023,19.683,0.6,1769922041831,0
179959024,19.684,1.6,1769922041831,0
179959025,19.685,1.5,1769922041831,0
179959026,19.686,0.6,1769922041831,0
179959027,19.687,1.5,1769922041831,0
179959028,19.688,0.6,1769922041831,0
179959029,19.689,12.0,1769922041831,0
179959030,19.69,28.8,1769922041831,0
179959031,19.691,31.2,1769922041831,0
179959032,19.692,48.0,1769922041831,0
179959033,19.693,14.9,1769922041831,0
179959034,19.687,0.3,1769922041833,0
179959035,19.686,2.2,1769922041840,1
179959036,19.687,6.9,1769922041845,0
179959037,19.691,1.5,1769922041845,0
179959038,19.692,8.3,1769922041845,0
179959039,19.686,3.5,1769922041872,1
179959040,19.684,5.1,1769922041872,1
179959041,19.683,0.6,1769922041872,1
179959042,19.682,6.0,1769922041872,1
179959043,19.688,1.1,1769922041878,0
179959044,19.687,3.5,1769922041920,0
179959045,19.688,3.7,1769922041920,0
179959046,19.689,13.9,1769922041920,0
179959047,19.69,10.3,1769922041920,0
179959048,19.688,0.9,1769922041942,1
179959049,19.691,9.7,1769922041950,0
179959050,19.692,3.7,1769922041950,0
179959051,19.693,5.6,1769922041950,0
179959052,19.694,8.0,1769922041950,0
179959053,19.695,1.9,1769922041950,0
179959054,19.696,59.0,1769922041950,0
179959055,19.697,21.3,1769922041950,0
179959056,19.698,33.8,1769922041950,0
179959057,19.699,33.9,1769922041950,0
179959058,19.7,59.3,1769922041950,0
179959059,19.701,41.9,1769922041950,0
179959060,19.702,9.7,1769922041950,0
179959061,19.703,11.5,1769922041950,0
179959062,19.704,60.4,1769922041950,0
179959063,19.705,38.7,1769922041950,0
179959064,19.706,75.1,1769922041950,0
179959065,19.707,10.6,1769922041950,0
179959066,19.708,19.7,1769922041952,0
179959067,19.709,15.1,1769922041952,0
179959068,19.71,4.2,1769922041953,0
179959069,19.711,1.2,1769922041953,0
179959070,19.712,4.1,1769922041953,0
179959071,19.711,1.6,1769922041960,1
179959072,19.709,4.0,1769922041982,0
179959073,19.706,3.0,1769922041992,1
179959074,19.705,0.6,1769922041992,1
179959075,19.704,8.3,1769922041992,1
179959076,19.703,9.4,1769922041992,1
179959077,19.702,9.9,1769922041992,1
179959078,19.703,2.5,1769922042020,0
179959079,19.704,18.0,1769922042063,1
179959080,19.703,12.7,1769922042063,1
179959081,19.702,12.5,1769922042063,1
179959082,19.701,22.9,1769922042063,1
179959083,19.7,16.3,1769922042063,1
179959084,19.698,11.6,1769922042063,1
179959085,19.697,4.3,1769922042063,1
179959086,19.696,5.6,1769922042063,1
179959087,19.695,12.0,1769922042063,1
179959088,19.694,18.3,1769922042063,1
179959089,19.693,15.7,1769922042063,1
179959090,19.692,43.0,1769922042063,1
179959091,19.691,22.1,1769922042063,1
179959092,19.69,14.4,1769922042063,1
179959093,19.689,27.1,1769922042063,1
179959094,19.688,39.8,1769922042063,1
179959095,19.687,17.7,1769922042063,1
179959096,19.686,15.3,1769922042063,1
179959097,19.685,9.2,1769922042063,1
179959098,19.684,13.0,1769922042065,1
179959099,19.683,22.9,1769922042065,1
179959100,19.682,3.4,1769922042065,1
179959101,19.681,35.3,1769922042065,1
179959102,19.68,15.9,1769922042065,1
179959103,19.679,22.7,1769922042065,1
179959104,19.678,15.8,1769922042065,1
179959105,19.677,14.5,1769922042065,1
179959106,19.676,1.5,1769922042065,1
179959107,19.675,13.1,1769922042065,1
179959108,19.674,1.5,1769922042065,1
179959109,19.673,1.2,1769922042067,1
179959110,19.672,0.3,1769922042068,1
179959111,19.673,1.1,1769922042071,1
179959112,19.674,5.1,1769922042094,1
179959113,19.673,23.5,1769922042094,1
179959114,19.672,15.2,1769922042094,1
179959115,19.671,11.9,1769922042094,1
179959116,19.67,30.9,1769922042094,1
179959117,19.669,13.6,1769922042094,1
179959118,19.668,11.5,1769922042094,1
179959119,19.674,1.3,1769922042099,1
179959120,19.675,1.4,1769922042110,0
179959121,19.674,9.3,1769922042112,1
179959122,19.673,0.6,1769922042112,1
179959123,19.672,1.5,1769922042112,1
179959124,19.67,7.2,1769922042112,1
179959125,19.669,1.5,1769922042112,1
179959126,19.674,11.3,1769922042115,1
179959127,19.669,2.9,1769922042115,1
179959128,19.676,0.6,1769922042127,0
179959129,19.677,3.2,1769922042127,0
179959130,19.678,0.6,1769922042136,0
179959131,19.679,0.6,1769922042137,0
179959132,19.68,0.6,1769922042137,0
179959133,19.681,1.5,1769922042137,0
179959134,19.682,0.8,1769922042137,0
179959135,19.676,6.5,1769922042144,1
179959136,19.675,2.5,1769922042241,1
179959137,19.675,0.6,1769922042356,1
179959138,19.674,1.5,1769922042356,1
179959139,19.673,0.6,1769922042356,1
179959140,19.672,1.5,1769922042356,1
179959141,19.671,2.1,1769922042356,1
179959142,19.673,7.0,1769922042369,0
179959143,19.674,4.1,1769922042401,0
179959144,19.675,4.1,1769922042401,0
179959145,19.676,3.4,1769922042401,0
179959146,19.677,0.6,1769922042499,0
179959147,19.678,4.1,1769922042499,0
179959148,19.679,0.6,1769922042499,0
179959149,19.68,2.9,1769922042499,0
179959150,19.681,11.8,1769922042499,0
179959151,19.679,1.7,1769922042505,1
179959152,19.676,0.5,1769922042515,1
179959153,19.676,3.5,1769922042546,0
179959154,19.675,3.3,1769922042670,1
179959155,19.674,1.5,1769922042670,1
179959156,19.673,0.6,1769922042670,1
179959157,19.672,7.5,1769922042670,1
179959158,19.671,0.6,1769922042670,1
179959159,19.67,8.5,1769922042670,1
179959160,19.669,30.8,1769922042670,1
179959161,19.668,33.6,1769922042670,1
179959162,19.667,24.5,1769922042670,1
179959163,19.666,29.8,1769922042670,1
179959164,19.665,47.0,1769922042670,1
179959165,19.664,19.7,1769922042670,1
179959166,19.663,46.0,1769922042670,1
179959167,19.662,1.3,1769922042670,1
179959168,19.664,0.6,1769922042679,0
179959169,19.667,6.9,1769922042837,0
179959170,19.668,4.1,1769922042837,0
179959171,19.667,3.7,1769922042866,1
179959172,19.666,5.1,1769922042972,1
179959173,19.665,0.6,1769922042975,1
179959174,19.665,5.4,1769922042997,0
179959175,19.664,2.3,1769922042999,1
179959176,19.667,4.1,1769922043014,0
179959177,19.668,0.6,1769922043014,0
179959178,19.669,4.1,1769922043014,0
179959179,19.67,1.5,1769922043014,0
179959180,19.671,1.6,1769922043014,0
179959181,19.668,3.5,1769922043071,0
179959182,19.669,5.1,1769922043071,0
179959183,19.67,5.0,1769922043071,0
179959184,19.671,10.2,1769922043071,0
179959185,19.671,2.5,1769922043101,1
179959186,19.67,0.6,1769922043108,1
179959187,19.672,5.5,1769922043118,0
179959188,19.67,2.1,1769922043166,1
179959189,19.673,1.4,1769922043184,0
179959190,19.674,0.9,1769922043184,0
179959191,19.675,2.1,1769922043184,0
179959192,19.674,1.2,1769922043210,1
179959193,19.67,1.6,1769922043212,1
179959194,19.669,4.1,1769922043212,1
179959195,19.668,3.6,1769922043214,1
179959196,19.667,0.6,1769922043215,1
179959197,19.666,7.2,1769922043215,1
179959198,19.666,4.1,1769922043239,0
179959199,19.667,1.3,1769922043242,0
179959200,19.668,5.1,1769922043242,0
179959201,19.67,0.9,1769922043242,0
179959202,19.671,1.0,1769922043242,0
179959203,19.672,10.9,1769922043242,0
179959204,19.673,5.8,1769922043242,0
179959205,19.674,30.1,1769922043242,0
179959206,19.675,6.0,1769922043242,0
179959207,19.676,50.0,1769922043242,0
179959208,19.67,0.5,1769922043244,0
179959209,19.665,3.6,1769922043353,1
179959210,19.666,3.8,1769922043439,1
179959211,19.665,17.1,1769922043439,1
179959212,19.664,66.0,1769922043439,1
179959213,19.663,0.6,1769922043443,1
179959214,19.663,3.1,1769922043481,0
179959215,19.665,18.1,1769922043482,0
179959216,19.666,9.3,1769922043482,0
179959217,19.667,11.6,1769922043482,0
179959218,19.662,1.5,1769922043520,1
179959219,19.661,13.3,1769922043520,1
179959220,19.66,284.3,1769922043521,1
179959221,19.659,1.9,1769922043521,1
179959222,19.658,393.7,1769922043522,1
179959223,19.657,1.6,1769922043525,1
179959224,19.657,7.2,1769922043527,0
179959225,19.662,0.9,1769922043541,0
179959226,19.663,8.5,1769922043543,0
179959227,19.664,9.2,1769922043546,0
179959228,19.665,8.5,1769922043546,0
179959229,19.666,3.1,1769922043546,0
179959230,19.667,9.2,1769922043546,0
179959231,19.663,4.2,1769922043608,1
179959232,19.662,9.6,1769922043608,1
179959233,19.661,0.6,1769922043608,1
179959234,19.66,10.8,1769922043608,1
179959235,19.659,9.7,1769922043608,1
179959236,19.658,11.9,1769922043608,1
179959237,19.657,4.0,1769922043608,1
179959238,19.658,11.0,1769922043912,0
179959239,19.659,0.6,1769922043990,0
179959240,19.661,0.6,1769922043997,0
179959241,19.662,0.6,1769922043997,0
179959242,19.663,0.6,1769922043997,0
179959243,19.664,2.8,1769922044019,0
179959244,19.663,19.1,1769922044037,1
179959245,19.663,4.2,1769922044041,0
179959246,19.663,4.2,1769922044194,1
179959247,19.662,5.9,1769922044194,1
179959248,19.664,0.5,1769922044202,0
179959249,19.665,1.9,1769922044229,0
179959250,19.666,0.3,1769922044229,0
179959251,19.662,3.1,1769922044269,1
179959252,19.663,4.2,1769922044328,1
179959253,19.662,2.1,1769922044328,1
179959254,19.661,0.6,1769922044391,1
179959255,19.66,0.6,1769922044391,1
179959256,19.659,0.6,1769922044393,1
179959257,19.658,27.0,1769922044393,1
179959258,19.657,22.5,1769922044394,1
179959259,19.656,8.9,1769922044455,1
179959260,19.655,5.1,1769922044456,1
179959261,19.656,23.0,1769922044585,0
179959262,19.655,1.4,1769922044615,1
179959263,19.656,10.9,1769922044688,0
179959264,19.657,23.8,1769922044688,0
179959265,19.658,1.5,1769922044688,0
179959266,19.659,25.7,1769922044689,0
179959267,19.66,1.6,1769922044689,0
179959268,19.661,12.0,1769922044691,0
179959269,19.662,1.9,1769922044691,0
179959270,19.663,3.9,1769922044691,0
179959271,19.664,2.7,1769922044692,0
179959272,19.665,10.4,1769922044692,0
179959273,19.666,29.3,1769922044693,0
179959274,19.667,15.7,1769922044693,0
179959275,19.668,48.5,1769922044693,0
179959276,19.669,102.3,1769922044695,0
179959277,19.67,5.5,1769922044696,0
179959278,19.671,607.5,1769922044698,0
179959279,19.672,2.8,1769922044700,0
179959280,19.669,5.7,1769922044700,1
179959281,19.668,6.3,1769922044700,1
179959282,19.667,0.6,1769922044700,1
179959283,19.672,1.5,1769922044704,1
179959284,19.67,2.3,1769922044707,1
179959285,19.665,3.5,1769922044713,1
179959286,19.664,0.1,1769922044713,1
179959287,19.668,7.6,1769922044890,0
179959288,19.669,0.6,1769922044890,0
179959289,19.67,1.5,1769922044890,0
179959290,19.671,5.7,1769922044891,0
179959291,19.672,5.7,1769922044897,0
179959292,19.673,4.8,1769922044897,0
179959293,19.673,6.1,1769922044924,1
179959294,19.67,11.5,1769922044924,1
179959295,19.669,10.2,1769922044924,1
179959296,19.668,20.1,1769922044924,1
179959297,19.667,2.9,1769922044924,1
179959298,19.669,0.5,1769922044941,1
179959299,19.671,1.0,1769922045045,1
179959300,19.67,0.6,1769922045089,1
179959301,19.669,1.4,1769922045089,1
179959302,19.668,5.5,1769922045089,1
179959303,19.667,9.2,1769922045089,1
179959304,19.666,9.8,1769922045089,1
179959305,19.667,2.5,1769922045093,0
179959306,19.667,4.2,1769922045179,1
179959307,19.666,12.0,1769922045179,1
179959308,19.665,5.4,1769922045179,1
179959309,19.664,32.0,1769922045179,1
179959310,19.663,0.2,1769922045179,1
179959311,19.671,1.0,1769922045195,0
179959312,19.666,4.2,1769922045314,1
179959313,19.665,11.1,1769922045314,1
179959314,19.664,10.9,1769922045314,1
179959315,19.663,33.2,1769922045314,1
179959316,19.662,8.1,1769922045314,1
179959317,19.661,10.8,1769922045314,1
179959318,19.66,16.5,1769922045314,1
179959319,19.659,30.0,1769922045314,1
179959320,19.658,14.0,1769922045314,1
179959321,19.657,29.1,1769922045314,1
179959322,19.656,19.5,1769922045314,1
179959323,19.665,7.6,1769922045320,0
179959324,19.666,2.4,1769922045320,0
179959325,19.665,3.1,1769922045508,1
179959326,19.664,1.6,1769922045508,1
179959327,19.663,0.6,1769922045526,1
179959328,19.662,1.5,1769922045526,1
179959329,19.661,0.6,1769922045526,1
179959330,19.66,1.5,1769922045526,1
179959331,19.659,2.2,1769922045526,1
179959332,19.658,11.7,1769922045526,1
179959333,19.657,8.5,1769922045526,1
179959334,19.662,1.7,1769922045557,0
179959335,19.661,5.1,1769922045563,0
179959336,19.658,1.0,1769922045631,1
179959337,19.663,0.6,1769922045751,0
179959338,19.664,0.6,1769922045751,0
179959339,19.665,4.2,1769922045751,0
179959340,19.666,21.1,1769922045751,0
179959341,19.667,0.6,1769922045757,0
179959342,19.668,0.6,1769922045757,0
179959343,19.669,2.0,1769922045757,0
179959344,19.67,4.4,1769922045757,0
179959345,19.671,0.9,1769922045759,0
179959346,19.672,3.0,1769922045789,0
179959347,19.671,3.5,1769922045849,1
179959348,19.67,8.4,1769922045849,1
179959349,19.669,4.1,1769922045849,1
179959350,19.668,5.0,1769922045849,1
179959351,19.667,2.8,1769922045849,1
179959352,19.666,11.2,1769922045849,1
179959353,19.665,12.0,1769922045849,1
179959354,19.664,14.5,1769922045849,1
179959355,19.663,32.9,1769922045849,1
179959356,19.662,9.6,1769922045849,1
179959357,19.661,18.9,1769922045849,1
179959358,19.66,2.4,1769922045849,1
179959359,19.665,1.0,1769922045864,1
179959360,19.662,0.3,1769922045864,1
179959361,19.667,0.5,1769922045866,0
179959362,19.663,0.7,1769922045876,1
179959363,19.662,0.9,1769922045876,1
179959364,19.661,25.1,1769922045876,1
179959365,19.66,8.1,1769922045876,1
179959366,19.659,10.9,1769922045876,1
179959367,19.667,3.0,1769922045877,0
179959368,19.666,6.8,1769922045883,0
179959369,19.663,2.2,1769922045977,1
179959370,19.664,14.0,1769922045988,0
179959371,19.663,8.4,1769922046105,1
179959372,19.662,0.9,1769922046105,1
179959373,19.661,0.6,1769922046105,1
179959374,19.66,5.1,1769922046105,1
179959375,19.659,0.6,1769922046105,1
179959376,19.658,11.7,1769922046105,1
179959377,19.657,18.4,1769922046105,1
179959378,19.661,9.5,1769922046129,0
179959379,19.658,1.0,1769922046180,1
179959380,19.657,4.4,1769922046223,1
179959381,19.656,2.7,1769922046252,1
179959382,19.657,2.5,1769922046268,0
179959383,19.66,4.2,1769922046268,0
179959384,19.661,0.6,1769922046268,0
179959385,19.662,6.6,1769922046268,0
179959386,19.663,6.5,1769922046268,0
179959387,19.657,6.6,1769922046297,1
179959388,19.656,2.0,1769922046297,1
179959389,19.655,4.0,1769922046297,1
179959390,19.654,6.8,1769922046297,1
179959391,19.654,3.5,1769922046310,0
179959392,19.658,2.9,1769922046321,0
179959393,19.659,4.6,1769922046322,0
179959394,19.66,0.6,1769922046324,0
179959395,19.661,10.8,1769922046324,0
179959396,19.662,16.0,1769922046324,0
179959397,19.663,5.0,1769922046327,0
179959398,19.664,4.6,1769922046327,0
179959399,19.665,74.5,1769922046327,0
179959400,19.665,3.5,1769922046360,1
179959401,19.663,2.2,1769922046360,1
179959402,19.665,5.9,1769922046373,1
179959403,19.663,9.7,1769922046373,1
179959404,19.662,16.3,1769922046373,1
179959405,19.661,4.8,1769922046373,1
179959406,19.66,7.8,1769922046373,1
179959407,19.659,14.6,1769922046373,1
179959408,19.666,0.6,1769922046415,0
179959409,19.668,0.6,1769922046417,0
179959410,19.669,1.3,1769922046420,0
179959411,19.669,2.8,1769922046573,1
179959412,19.668,0.6,1769922046609,1
179959413,19.667,3.8,1769922046609,1
179959414,19.666,0.6,1769922046702,1
179959415,19.665,4.5,1769922046702,1
179959416,19.664,4.4,1769922046772,1
179959417,19.663,3.9,1769922046772,1
179959418,19.664,2.5,1769922046775,0
179959419,19.663,2.7,1769922046794,1
179959420,19.667,10.2,1769922046866,0
179959421,19.668,0.6,1769922046866,0
179959422,19.669,4.9,1769922046866,0
179959423,19.668,10.2,1769922046872,0
179959424,19.669,0.6,1769922046872,0
179959425,19.67,4.0,1769922046985,0
179959426,19.669,11.2,1769922046987,1
179959427,19.668,26.8,1769922046987,1
179959428,19.667,7.7,1769922046987,1
179959429,19.668,13.7,1769922047004,1
179959430,19.667,0.6,1769922047004,1
179959431,19.666,1.5,1769922047004,1
179959432,19.665,4.1,1769922047004,1
179959433,19.664,6.5,1769922047004,1
179959434,19.666,40.6,1769922047022,0
