trade_id,price,qty,timestamp,is_buyer_maker
180408996,19.444,2.5,1769925088106,1
180408997,19.443,1.0,1769925088106,1
180408998,19.442,0.9,1769925088106,1
180408999,19.44,7.0,1769925088106,1
180409000,19.439,36.2,1769925088106,1
180409001,19.438,27.6,1769925088106,1
180409002,19.447,0.5,1769925088165,0
180409003,19.446,10.2,1769925088214,0
180409004,19.447,17.4,1769925088214,0
180409005,19.448,0.6,1769925088214,0
180409006,19.449,0.6,1769925088214,0
180409007,19.45,1.5,1769925088214,0
180409008,19.451,3.2,1769925088214,0
180409009,19.452,2.3,1769925088214,0
180409010,19.453,2.2,1769925088216,0
180409011,19.454,1.5,1769925088216,0
180409012,19.455,9.5,1769925088217,0
180409013,19.456,3.8,1769925088217,0
180409014,19.453,0.6,1769925088217,0
180409015,19.457,2.9,1769925088218,0
180409016,19.456,1.0,1769925088250,0
180409017,19.458,0.6,1769925088252,0
180409018,19.459,0.9,1769925088253,0
180409019,19.46,0.9,1769925088257,0
180409020,19.461,1.6,1769925088257,0
180409021,19.462,1.5,1769925088258,0
180409022,19.462,1.7,1769925088259,1
180409023,19.463,1.7,1769925088259,0
180409024,19.464,1.3,1769925088263,0
180409025,19.465,14.9,1769925088296,0
180409026,19.466,1.5,1769925088298,0
180409027,19.465,1.2,1769925088327,1
180409028,19.464,0.6,1769925088327,1
180409029,19.463,0.6,1769925088327,1
180409030,19.464,4.2,1769925088349,0
180409031,19.465,9.9,1769925088349,0
180409032,19.466,13.3,1769925088349,0
180409033,19.467,7.0,1769925088349,0
180409034,19.468,1.5,1769925088349,0
180409035,19.469,1.0,1769925088349,0
180409036,19.47,2.5,1769925088349,0
180409037,19.471,2.9,1769925088349,0
180409038,19.472,3.8,1769925088349,0
180409039,19.473,9.3,1769925088349,0
180409040,19.474,12.8,1769925088349,0
180409041,19.475,8.7,1769925088349,0
180409042,19.468,0.3,1769925088351,0
180409043,19.463,5.5,1769925088351,1
180409044,19.462,8.6,1769925088351,1
180409045,19.464,1.0,1769925088352,0
180409046,19.461,2.0,1769925088367,1
180409047,19.46,0.6,1769925088367,1
180409048,19.459,0.6,1769925088367,1
180409049,19.458,3.0,1769925088367,1
180409050,19.457,2.8,1769925088368,1
180409051,19.456,0.9,1769925088368,1
180409052,19.455,3.0,1769925088368,1
180409053,19.454,0.9,1769925088368,1
180409054,19.453,7.4,1769925088390,1
180409055,19.452,2.3,1769925088390,1
180409056,19.451,0.6,1769925088390,1
180409057,19.45,0.3,1769925088390,1
180409058,19.451,8.0,1769925088404,0
180409059,19.452,3.0,1769925088404,0
180409060,19.454,14.0,1769925088408,0
180409061,19.455,2.6,1769925088410,0
180409062,19.456,3.7,1769925088410,0
180409063,19.458,2.9,1769925088414,0
180409064,19.458,1.3,1769925088415,1
180409065,19.457,3.9,1769925088415,1
180409066,19.456,4.2,1769925088418,1
180409067,19.458,0.6,1769925088478,0
180409068,19.459,4.7,1769925088478,0
180409069,19.46,0.9,1769925088479,0
180409070,19.461,5.5,1769925088479,0
180409071,19.46,7.7,1769925088545,0
180409072,19.455,10.3,1769925088582,1
180409073,19.454,0.6,1769925088582,1
180409074,19.453,0.6,1769925088582,1
180409075,19.452,1.0,1769925088582,1
180409076,19.451,5.4,1769925088582,1
180409077,19.45,0.6,1769925088621,1
180409078,19.449,0.9,1769925088622,1
180409079,19.448,0.9,1769925088622,1
180409080,19.447,9.3,1769925088622,1
180409081,19.446,0.9,1769925088624,1
180409082,19.445,1.9,1769925088624,1
180409083,19.444,0.6,1769925088624,1
180409084,19.443,6.4,1769925088624,1
180409085,19.442,0.6,1769925088624,1
180409086,19.441,19.6,1769925088624,1
180409087,19.444,1.0,1769925088625,1
180409088,19.44,12.6,1769925088639,1
180409089,19.439,0.6,1769925088649,1
180409090,19.438,1.5,1769925088650,1
180409091,19.437,0.6,1769925088650,1
180409092,19.436,1.8,1769925088650,1
180409093,19.435,0.6,1769925088653,1
180409094,19.434,1.9,1769925088653,1
180409095,19.433,1.2,1769925088654,1
180409096,19.432,0.6,1769925088701,1
180409097,19.431,1.5,1769925088701,1
180409098,19.43,2.1,1769925088701,1
180409099,19.429,0.9,1769925088701,1
180409100,19.428,1.0,1769925088703,1
180409101,19.427,2.6,1769925088703,1
180409102,19.426,2.2,1769925088703,1
180409103,19.425,0.6,1769925088703,1
180409104,19.424,0.3,1769925088703,1
180409105,19.431,6.9,1769925088733,0
180409106,19.424,0.6,1769925088733,1
180409107,19.423,0.9,1769925088733,1
180409108,19.422,16.0,1769925088733,1
180409109,19.424,3.0,1769925088735,1
180409110,19.422,73.9,1769925088735,1
180409111,19.428,5.9,1769925088766,0
180409112,19.429,0.2,1769925088768,0
180409113,19.422,3.0,1769925088833,1
180409114,19.421,0.9,1769925088833,1
180409115,19.42,1.1,1769925088833,1
180409116,19.427,3.0,1769925088833,0
180409117,19.428,0.6,1769925088861,0
180409118,19.429,7.6,1769925088861,0
180409119,19.43,1.5,1769925088866,0
180409120,19.431,0.6,1769925088866,0
180409121,19.432,1.5,1769925088866,0
180409122,19.433,5.4,1769925088866,0
180409123,19.434,4.2,1769925088866,0
180409124,19.435,1.9,1769925088871,0
180409125,19.436,30.4,1769925088871,0
180409126,19.437,0.9,1769925088871,0
180409127,19.438,1.5,1769925088871,0
180409128,19.439,0.6,1769925088871,0
180409129,19.44,1.6,1769925088872,0
180409130,19.441,0.6,1769925088872,0
180409131,19.442,14.3,1769925088872,0
180409132,19.443,1.6,1769925088872,0
180409133,19.444,0.9,1769925088872,0
180409134,19.445,3.6,1769925088872,0
180409135,19.446,1.5,1769925088872,0
180409136,19.447,26.7,1769925088872,0
180409137,19.448,0.9,1769925088873,0
180409138,19.449,1.4,1769925088873,0
180409139,19.45,3.9,1769925088873,0
180409140,19.451,24.3,1769925088873,0
180409141,19.452,2.9,1769925088873,0
180409142,19.453,20.6,1769925088873,0
180409143,19.454,3.0,1769925088873,0
180409144,19.455,22.8,1769925088873,0
180409145,19.456,0.9,1769925088873,0
180409146,19.457,5.1,1769925088874,0
180409147,19.458,3.1,1769925088874,0
180409148,19.459,45.1,1769925088874,0
180409149,19.46,27.7,1769925088874,0
180409150,19.461,3.0,1769925088874,0
180409151,19.462,0.6,1769925088876,0
180409152,19.462,3.6,1769925088877,1
180409153,19.46,1.2,1769925088877,1
180409154,19.463,22.9,1769925088877,0
180409155,19.464,1.9,1769925088878,0
180409156,19.465,21.8,1769925088878,0
180409157,19.466,1.5,1769925088879,0
180409158,19.461,5.5,1769925088879,1
180409159,19.459,1.6,1769925088884,1
180409160,19.458,0.6,1769925088884,1
180409161,19.457,3.0,1769925088886,1
180409162,19.454,3.4,1769925088889,1
180409163,19.453,0.6,1769925088898,1
180409164,19.452,1.4,1769925088898,1
180409165,19.451,8.2,1769925088898,1
180409166,19.458,7.5,1769925088917,0
180409167,19.459,0.6,1769925088917,0
180409168,19.46,7.4,1769925088917,0
180409169,19.461,7.1,1769925088918,0
180409170,19.462,12.0,1769925088918,0
180409171,19.463,3.0,1769925088918,0
180409172,19.464,1.3,1769925088918,0
180409173,19.466,21.5,1769925088918,0
180409174,19.467,7.5,1769925088918,0
180409175,19.468,23.1,1769925088918,0
180409176,19.469,2.8,1769925088918,0
180409177,19.47,2.5,1769925088918,0
180409178,19.471,1.2,1769925088918,0
180409179,19.472,0.2,1769925088918,0
180409180,19.461,4.8,1769925088925,1
180409181,19.458,6.5,1769925088956,1
180409182,19.457,5.8,1769925088978,1
180409183,19.456,22.0,1769925088978,1
180409184,19.455,0.6,1769925088978,1
180409185,19.454,18.0,1769925088978,1
180409186,19.453,5.8,1769925088978,1
180409187,19.452,20.0,1769925088978,1
180409188,19.451,11.3,1769925088978,1
180409189,19.45,18.0,1769925088978,1
180409190,19.449,11.9,1769925088978,1
180409191,19.448,21.4,1769925088978,1
180409192,19.447,10.1,1769925088978,1
180409193,19.446,49.5,1769925088978,1
180409194,19.459,5.7,1769925088997,0
180409195,19.46,2.9,1769925088997,0
180409196,19.456,5.6,1769925089037,1
180409197,19.455,0.6,1769925089038,1
180409198,19.454,0.6,1769925089038,1
180409199,19.452,12.0,1769925089038,1
180409200,19.451,5.1,1769925089038,1
180409201,19.449,5.8,1769925089038,1
180409202,19.448,20.6,1769925089038,1
180409203,19.447,30.9,1769925089038,1
180409204,19.446,4.5,1769925089038,1
180409205,19.445,6.0,1769925089038,1
180409206,19.444,7.9,1769925089038,1
180409207,19.443,0.7,1769925089038,1
180409208,19.442,15.9,1769925089038,1
180409209,19.441,93.6,1769925089038,1
180409210,19.44,5.3,1769925089038,1
180409211,19.446,1.0,1769925089040,1
180409212,19.445,10.0,1769925089040,1
180409213,19.44,2.2,1769925089040,1
180409214,19.439,20.7,1769925089040,1
180409215,19.448,23.3,1769925089040,0
180409216,19.453,14.4,1769925089041,0
180409217,19.456,45.2,1769925089041,0
180409218,19.457,149.2,1769925089041,0
180409219,19.459,6.3,1769925089041,0
180409220,19.46,5.6,1769925089041,0
180409221,19.461,1.0,1769925089041,0
180409222,19.462,18.2,1769925089041,0
180409223,19.463,6.6,1769925089041,0
180409224,19.464,22.4,1769925089041,0
180409225,19.465,6.6,1769925089041,0
180409226,19.466,44.9,1769925089041,0
180409227,19.467,0.6,1769925089041,0
180409228,19.468,22.1,1769925089041,0
180409229,19.469,9.0,1769925089041,0
180409230,19.47,39.2,1769925089041,0
180409231,19.471,29.4,1769925089041,0
180409232,19.472,19.0,1769925089041,0
180409233,19.473,10.9,1769925089041,0
180409234,19.474,27.6,1769925089041,0
180409235,19.475,7.6,1769925089041,0
180409236,19.476,27.2,1769925089041,0
180409237,19.477,22.1,1769925089041,0
180409238,19.439,46.1,1769925089041,1
180409239,19.477,14.9,1769925089041,0
180409240,19.478,37.4,1769925089041,0
180409241,19.479,141.6,1769925089041,0
180409242,19.48,38.2,1769925089041,0
180409243,19.441,14.7,1769925089041,1
180409244,19.44,1.0,1769925089044,0
180409245,19.447,3.0,1769925089044,0
180409246,19.452,0.4,1769925089044,0
180409247,19.454,10.0,1769925089045,1
180409248,19.453,9.6,1769925089045,1
180409249,19.447,0.5,1769925089045,1
180409250,19.455,6.0,1769925089045,0
180409251,19.452,0.4,1769925089046,0
180409252,19.455,0.3,1769925089046,0
180409253,19.461,1.0,1769925089046,0
180409254,19.464,0.2,1769925089052,1
180409255,19.455,21.6,1769925089052,1
180409256,19.454,6.4,1769925089052,1
180409257,19.453,2.0,1769925089052,1
180409258,19.452,0.8,1769925089053,1
180409259,19.451,34.2,1769925089053,1
180409260,19.45,25.4,1769925089054,1
180409261,19.447,10.4,1769925089054,1
180409262,19.454,13.6,1769925089054,0
180409263,19.454,3.5,1769925089055,1
180409264,19.452,0.6,1769925089055,1
180409265,19.451,0.6,1769925089055,1
180409266,19.447,9.9,1769925089055,1
180409267,19.446,10.0,1769925089055,1
180409268,19.443,0.4,1769925089058,1
180409269,19.442,14.4,1769925089058,1
180409270,19.44,6.4,1769925089058,1
180409271,19.438,1.3,1769925089058,1
180409272,19.437,19.9,1769925089058,1
180409273,19.435,0.6,1769925089058,1
180409274,19.435,3.8,1769925089061,0
180409275,19.442,10.8,1769925089064,0
180409276,19.443,2.5,1769925089104,0
180409277,19.444,0.6,1769925089104,0
180409278,19.446,2.2,1769925089104,0
180409279,19.44,1.7,1769925089114,1
180409280,19.442,7.0,1769925089119,0
180409281,19.443,0.6,1769925089122,0
180409282,19.444,0.6,1769925089122,0
180409283,19.449,5.1,1769925089122,0
180409284,19.45,9.0,1769925089122,0
180409285,19.451,6.0,1769925089122,0
180409286,19.45,1.0,1769925089189,0
180409287,19.451,0.6,1769925089189,0
180409288,19.452,1.7,1769925089189,0
180409289,19.453,0.9,1769925089189,0
180409290,19.454,1.5,1769925089189,0
180409291,19.455,0.6,1769925089189,0
180409292,19.456,3.7,1769925089189,0
180409293,19.457,0.3,1769925089190,0
180409294,19.458,1.2,1769925089190,0
180409295,19.459,23.6,1769925089190,0
180409296,19.46,25.3,1769925089256,0
180409297,19.461,1.0,1769925089256,0
180409298,19.462,1.5,1769925089256,0
180409299,19.463,2.8,1769925089256,0
180409300,19.464,1.8,1769925089256,0
180409301,19.454,5.1,1769925089290,1
180409302,19.463,7.6,1769925089366,0
180409303,19.464,1.5,1769925089404,0
180409304,19.465,0.6,1769925089404,0
180409305,19.466,6.4,1769925089404,0
180409306,19.467,2.8,1769925089404,0
180409307,19.468,3.7,1769925089404,0
180409308,19.469,5.7,1769925089404,0
180409309,19.47,24.0,1769925089404,0
180409310,19.469,1.5,1769925089414,0
180409311,19.47,2.5,1769925089450,0
180409312,19.471,0.9,1769925089450,0
180409313,19.472,1.5,1769925089451,0
180409314,19.473,0.6,1769925089451,0
180409315,19.474,1.2,1769925089451,0
180409316,19.476,7.6,1769925089451,0
180409317,19.477,6.6,1769925089451,0
180409318,19.478,27.6,1769925089451,0
180409319,19.479,7.1,1769925089451,0
180409320,19.48,29.7,1769925089451,0
180409321,19.481,5.5,1769925089452,0
180409322,19.482,6.4,1769925089452,0
180409323,19.483,0.6,1769925089453,0
180409324,19.484,1.8,1769925089453,0
180409325,19.485,0.6,1769925089453,0
180409326,19.486,2.9,1769925089453,0
180409327,19.487,1.6,1769925089453,0
180409328,19.483,4.2,1769925089454,1
180409329,19.482,4.9,1769925089454,1
180409330,19.481,127.8,1769925089454,1
180409331,19.486,6.4,1769925089454,0
180409332,19.488,3.0,1769925089455,0
180409333,19.49,0.9,1769925089455,0
180409334,19.491,0.6,1769925089456,0
180409335,19.492,2.3,1769925089456,0
180409336,19.493,8.1,1769925089456,0
180409337,19.494,1.9,1769925089456,0
180409338,19.491,3.7,1769925089457,0
180409339,19.492,6.5,1769925089458,0
180409340,19.495,2.5,1769925089458,0
180409341,19.496,1.5,1769925089458,0
180409342,19.497,1.0,1769925089458,0
180409343,19.498,0.6,1769925089458,0
180409344,19.499,0.6,1769925089458,0
180409345,19.5,1.9,1769925089458,0
180409346,19.501,0.6,1769925089458,0
180409347,19.502,1.9,1769925089458,0
180409348,19.503,0.6,1769925089459,0
180409349,19.504,0.1,1769925089460,0
180409350,19.505,0.4,1769925089464,0
180409351,19.509,3.0,1769925089464,0
180409352,19.511,14.3,1769925089477,0
180409353,19.504,0.4,1769925089485,1
180409354,19.505,0.5,1769925089537,1
180409355,19.511,5.4,1769925089544,0
180409356,19.512,5.7,1769925089544,0
180409357,19.513,0.6,1769925089545,0
180409358,19.514,10.2,1769925089545,0
180409359,19.515,0.6,1769925089545,0
180409360,19.516,8.9,1769925089545,0
180409361,19.517,2.3,1769925089545,0
180409362,19.518,0.3,1769925089545,0
180409363,19.519,22.7,1769925089545,0
180409364,19.52,0.3,1769925089545,0
180409365,19.521,3.8,1769925089545,0
180409366,19.522,3.4,1769925089545,0
180409367,19.523,4.0,1769925089545,0
180409368,19.524,40.8,1769925089545,0
180409369,19.525,2.4,1769925089545,0
180409370,19.517,0.6,1769925089547,0
180409371,19.518,1.6,1769925089572,0
180409372,19.522,1.0,1769925089580,0
180409373,19.521,10.7,1769925089586,1
180409374,19.52,10.9,1769925089656,1
180409375,19.519,0.6,1769925089677,1
180409376,19.518,0.6,1769925089677,1
180409377,19.517,0.6,1769925089677,1
180409378,19.515,0.2,1769925089677,1
180409379,19.516,3.1,1769925089718,1
180409380,19.515,7.7,1769925089736,1
180409381,19.515,0.8,1769925089786,0
180409382,19.515,0.3,1769925089795,1
180409383,19.514,1.0,1769925089837,1
180409384,19.513,6.8,1769925089837,1
180409385,19.515,5.1,1769925089866,0
180409386,19.512,0.6,1769925089874,1
180409387,19.511,2.5,1769925089874,1
180409388,19.51,4.2,1769925089874,1
180409389,19.509,7.8,1769925089874,1
180409390,19.508,10.9,1769925089874,1
180409391,19.507,14.8,1769925089874,1
180409392,19.506,13.1,1769925089874,1
180409393,19.505,9.3,1769925089874,1
180409394,19.504,8.0,1769925089874,1
180409395,19.503,9.1,1769925089874,1
180409396,19.502,27.3,1769925089874,1
180409397,19.501,8.0,1769925089874,1
180409398,19.5,31.5,1769925089874,1
180409399,19.499,2.5,1769925089874,1
180409400,19.498,31.5,1769925089874,1
180409401,19.497,7.4,1769925089874,1
180409402,19.496,3.0,1769925089874,1
180409403,19.495,19.4,1769925089874,1
180409404,19.494,15.7,1769925089874,1
180409405,19.493,52.8,1769925089874,1
180409406,19.492,8.6,1769925089874,1
180409407,19.491,11.8,1769925089874,1
180409408,19.49,62.0,1769925089874,1
180409409,19.489,6.6,1769925089874,1
180409410,19.488,24.8,1769925089874,1
180409411,19.487,22.9,1769925089874,1
180409412,19.486,25.1,1769925089874,1
180409413,19.485,8.7,1769925089874,1
180409414,19.484,4.5,1769925089874,1
180409415,19.483,17.5,1769925089874,1
180409416,19.503,1.0,1769925089876,1
180409417,19.493,0.6,1769925089881,0
180409418,19.492,0.6,1769925089882,1
180409419,19.492,3.6,1769925089886,0
180409420,19.493,1.1,1769925089886,0
180409421,19.495,2.2,1769925089886,0
180409422,19.49,4.8,1769925089918,1
180409423,19.488,1.0,1769925089918,1
180409424,19.493,0.9,1769925089932,0
180409425,19.494,8.9,1769925089932,0
180409426,19.495,0.6,1769925089934,0
180409427,19.495,3.6,1769925089935,1
180409428,19.494,5.0,1769925089936,1
180409429,19.492,4.9,1769925089955,1
180409430,19.491,4.5,1769925089955,1
180409431,19.49,3.4,1769925089955,1
180409432,19.489,3.0,1769925089955,1
180409433,19.487,32.8,1769925089957,1
180409434,19.486,0.6,1769925089957,1
180409435,19.484,10.5,1769925089957,1
180409436,19.48,1.8,1769925089966,1
180409437,19.485,8.6,1769925089977,0
180409438,19.487,6.3,1769925089978,0
180409439,19.488,0.6,1769925089989,0
180409440,19.489,358.5,1769925089989,0
180409441,19.49,1.6,1769925089995,0
180409442,19.491,0.6,1769925089995,0
180409443,19.492,0.6,1769925089997,0
180409444,19.493,0.6,1769925089997,0
180409445,19.495,1.8,1769925089997,0
180409446,19.496,0.6,1769925089997,0
180409447,19.497,0.4,1769925089999,0
180409448,19.498,0.9,1769925089999,0
180409449,19.499,2.2,1769925089999,0
180409450,19.5,1.3,1769925090010,0
180409451,19.502,0.9,1769925090010,0
180409452,19.504,1.2,1769925090010,0
180409453,19.502,0.6,1769925090032,1
180409454,19.498,1.0,1769925090035,1
180409455,19.497,10.0,1769925090040,0
180409456,19.498,0.6,1769925090040,0
180409457,19.499,0.6,1769925090040,0
180409458,19.499,3.0,1769925090221,0
180409459,19.501,3.0,1769925090265,0
180409460,19.502,1.5,1769925090277,0
180409461,19.503,0.1,1769925090277,0
180409462,19.499,3.4,1769925090345,0
180409463,19.501,0.6,1769925090361,0
180409464,19.502,1.5,1769925090361,0
180409465,19.503,7.5,1769925090361,0
180409466,19.504,1.5,1769925090361,0
180409467,19.505,1.0,1769925090361,0
180409468,19.506,6.3,1769925090361,0
180409469,19.507,1.6,1769925090361,0
180409470,19.508,1.8,1769925090361,0
180409471,19.509,0.9,1769925090361,0
180409472,19.51,4.8,1769925090361,0
180409473,19.511,1.0,1769925090361,0
180409474,19.512,4.0,1769925090361,0
180409475,19.513,4.2,1769925090361,0
180409476,19.514,45.6,1769925090361,0
180409477,19.512,12.1,1769925090391,0
180409478,19.513,2.3,1769925090391,0
180409479,19.514,9.7,1769925090391,0
180409480,19.515,22.9,1769925090391,0
180409481,19.514,0.3,1769925090419,0
180409482,19.515,0.6,1769925090419,0
180409483,19.516,1.5,1769925090419,0
180409484,19.517,0.6,1769925090419,0
180409485,19.518,1.5,1769925090419,0
180409486,19.519,1.6,1769925090419,0
180409487,19.52,1.5,1769925090419,0
180409488,19.521,0.6,1769925090419,0
180409489,19.522,2.4,1769925090419,0
180409490,19.514,1.9,1769925090427,1
180409491,19.515,1.0,1769925090508,1
180409492,19.514,0.5,1769925090508,1
180409493,19.515,7.0,1769925090513,0
180409494,19.517,0.6,1769925090532,0
180409495,19.518,1.5,1769925090532,0
180409496,19.519,3.3,1769925090532,0
180409497,19.52,19.0,1769925090538,0
180409498,19.521,16.8,1769925090550,0
180409499,19.515,7.8,1769925090603,1
180409500,19.514,1.6,1769925090603,1
180409501,19.513,0.6,1769925090603,1
180409502,19.512,0.6,1769925090603,1
180409503,19.511,0.6,1769925090603,1
180409504,19.51,0.6,1769925090603,1
180409505,19.509,0.6,1769925090603,1
180409506,19.508,7.0,1769925090603,1
180409507,19.507,4.5,1769925090603,1
180409508,19.506,15.0,1769925090603,1
180409509,19.505,28.3,1769925090603,1
180409510,19.504,2.1,1769925090603,1
180409511,19.503,5.5,1769925090603,1
180409512,19.502,18.2,1769925090603,1
180409513,19.501,7.0,1769925090603,1
180409514,19.5,17.4,1769925090603,1
180409515,19.507,7.1,1769925090628,1
180409516,19.506,9.9,1769925090628,1
180409517,19.514,1.0,1769925090650,0
180409518,19.515,6.5,1769925090650,0
180409519,19.516,0.9,1769925090650,0
180409520,19.517,4.1,1769925090650,0
180409521,19.518,0.9,1769925090650,0
180409522,19.519,8.6,1769925090650,0
180409523,19.516,2.9,1769925090657,0
180409524,19.509,1.0,1769925090673,1
180409525,19.514,5.3,1769925090756,0
180409526,19.511,4.8,1769925090791,1
180409527,19.51,5.5,1769925090791,1
180409528,19.509,3.3,1769925090791,1
180409529,19.511,0.5,1769925090814,0
180409530,19.512,12.1,1769925090865,0
180409531,19.513,0.6,1769925090865,0
180409532,19.514,1.5,1769925090865,0
180409533,19.515,0.6,1769925090912,0
180409534,19.516,1.5,1769925090912,0
180409535,19.517,0.6,1769925090912,0
180409536,19.518,1.5,1769925090912,0
180409537,19.519,6.6,1769925090912,0
180409538,19.512,15.5,1769925090922,1
180409539,19.511,4.8,1769925090934,1
180409540,19.51,13.3,1769925090934,1
180409541,19.509,2.6,1769925090934,1
180409542,19.509,2.5,1769925090937,0
180409543,19.518,10.0,1769925090945,0
180409544,19.52,1.8,1769925090976,0
180409545,19.521,0.1,1769925090976,0
180409546,19.516,1.0,1769925090985,1
180409547,19.513,5.2,1769925090985,1
180409548,19.512,14.4,1769925090985,1
180409549,19.51,0.6,1769925090985,1
180409550,19.509,6.1,1769925090985,1
180409551,19.508,4.5,1769925090985,1
180409552,19.507,0.6,1769925090985,1
180409553,19.506,1.5,1769925090985,1
180409554,19.505,7.3,1769925090985,1
180409555,19.504,21.1,1769925090985,1
180409556,19.503,31.8,1769925090985,1
180409557,19.502,8.6,1769925090985,1
180409558,19.511,5.8,1769925091020,1
180409559,19.51,0.6,1769925091026,1
180409560,19.509,3.6,1769925091026,1
180409561,19.508,14.2,1769925091026,1
180409562,19.507,7.0,1769925091026,1
180409563,19.513,5.5,1769925091031,0
180409564,19.514,9.2,1769925091033,0
180409565,19.515,0.6,1769925091033,0
180409566,19.516,1.5,1769925091036,0
180409567,19.518,0.9,1769925091036,0
180409568,19.52,5.7,1769925091036,0
180409569,19.521,5.3,1769925091036,0
180409570,19.509,4.8,1769925091036,1
180409571,19.508,5.7,1769925091036,1
180409572,19.516,2.4,1769925091060,1
180409573,19.511,6.0,1769925091060,1
180409574,19.51,5.5,1769925091060,1
180409575,19.507,0.2,1769925091060,1
180409576,19.508,4.7,1769925091069,1
180409577,19.509,3.0,1769925091124,0
180409578,19.512,4.8,1769925091124,0
180409579,19.513,5.1,1769925091124,0
180409580,19.514,3.9,1769925091124,0
180409581,19.515,7.6,1769925091124,0
180409582,19.507,3.4,1769925091161,1
180409583,19.506,0.6,1769925091161,1
180409584,19.505,1.0,1769925091161,1
180409585,19.504,22.1,1769925091161,1
180409586,19.503,37.4,1769925091161,1
180409587,19.502,25.0,1769925091162,1
180409588,19.501,1.7,1769925091162,1
180409589,19.502,2.5,1769925091165,0
180409590,19.503,2.1,1769925091165,0
180409591,19.501,30.2,1769925091165,1
180409592,19.503,2.5,1769925091166,1
180409593,19.501,1.7,1769925091166,0
180409594,19.504,5.4,1769925091167,1
180409595,19.5,2.4,1769925091167,1
180409596,19.499,0.3,1769925091169,1
180409597,19.5,3.1,1769925091170,0
180409598,19.501,2.4,1769925091172,0
180409599,19.503,3.5,1769925091172,0
180409600,19.502,7.0,1769925091197,0
180409601,19.499,0.6,1769925091208,1
180409602,19.498,0.1,1769925091208,1
180409603,19.502,8.5,1769925091242,0
180409604,19.503,4.8,1769925091242,0
180409605,19.504,4.5,1769925091242,0
180409606,19.505,5.4,1769925091242,0
180409607,19.506,2.5,1769925091242,0
180409608,19.507,0.6,1769925091242,0
180409609,19.508,3.9,1769925091242,0
180409610,19.509,11.6,1769925091242,0
180409611,19.51,4.5,1769925091242,0
180409612,19.511,0.4,1769925091242,0
180409613,19.512,4.5,1769925091242,0
180409614,19.504,5.7,1769925091309,0
180409615,19.505,10.8,1769925091309,0
180409616,19.506,0.6,1769925091316,0
180409617,19.507,2.8,1769925091316,0
180409618,19.505,4.8,1769925091386,0
180409619,19.506,5.7,1769925091386,0
180409620,19.507,6.8,1769925091386,0
180409621,19.508,4.5,1769925091386,0
180409622,19.509,8.4,1769925091386,0
180409623,19.51,6.5,1769925091386,0
180409624,19.511,6.6,1769925091386,0
180409625,19.512,4.5,1769925091386,0
180409626,19.5,0.4,1769925091388,1
180409627,19.499,0.6,1769925091388,1
180409628,19.498,1.5,1769925091388,1
180409629,19.501,1.0,1769925091439,1
180409630,19.501,2.4,1769925091553,0
180409631,19.502,0.6,1769925091575,0
180409632,19.503,2.6,1769925091575,0
180409633,19.504,1.5,1769925091575,0
180409634,19.505,9.2,1769925091575,0
180409635,19.506,1.8,1769925091575,0
180409636,19.507,1.6,1769925091575,0
180409637,19.508,1.5,1769925091575,0
180409638,19.509,0.6,1769925091575,0
180409639,19.51,6.4,1769925091575,0
180409640,19.511,1.0,1769925091575,0
180409641,19.512,8.7,1769925091575,0
180409642,19.513,3.3,1769925091575,0
180409643,19.514,10.3,1769925091575,0
180409644,19.515,4.5,1769925091575,0
180409645,19.505,1.0,1769925091633,1
180409646,19.504,1.5,1769925091636,1
180409647,19.503,0.6,1769925091638,1
180409648,19.503,4.2,1769925091645,0
180409649,19.504,4.2,1769925091645,0
180409650,19.505,3.6,1769925091645,0
180409651,19.506,0.6,1769925091645,0
180409652,19.507,1.6,1769925091645,0
180409653,19.508,6.0,1769925091645,0
180409654,19.509,15.0,1769925091645,0
180409655,19.51,13.8,1769925091645,0
180409656,19.511,1.0,1769925091645,0
180409657,19.503,1.9,1769925091648,1
180409658,19.502,1.5,1769925091665,1
180409659,19.501,6.3,1769925091665,1
180409660,19.5,18.1,1769925091665,1
180409661,19.506,5.1,1769925091680,0
180409662,19.507,10.9,1769925091680,0
180409663,19.508,0.9,1769925091680,0
180409664,19.5,0.3,1769925091685,1
180409665,19.506,5.4,1769925091729,0
180409666,19.507,16.6,1769925091729,0
180409667,19.508,3.0,1769925091729,0
180409668,19.5,3.0,1769925091734,1
180409669,19.499,0.6,1769925091734,1
180409670,19.498,1.5,1769925091734,1
180409671,19.497,7.2,1769925091734,1
180409672,19.496,4.1,1769925091734,1
180409673,19.495,16.3,1769925091734,1
180409674,19.494,22.0,1769925091734,1
180409675,19.493,0.9,1769925091734,1
180409676,19.492,1.5,1769925091734,1
180409677,19.491,1.5,1769925091734,1
180409678,19.49,1.5,1769925091734,1
180409679,19.489,21.5,1769925091734,1
180409680,19.488,39.4,1769925091734,1
180409681,19.487,0.6,1769925091734,1
180409682,19.486,6.5,1769925091734,1
180409683,19.485,7.9,1769925091734,1
180409684,19.484,26.3,1769925091735,1
180409685,19.483,1.8,1769925091735,1
180409686,19.482,1.5,1769925091735,1
180409687,19.481,6.8,1769925091735,1
180409688,19.48,1.8,1769925091735,1
180409689,19.479,1.9,1769925091735,1
180409690,19.478,15.0,1769925091735,1
180409691,19.477,5.1,1769925091735,1
180409692,19.476,7.7,1769925091735,1
180409693,19.475,8.0,1769925091736,1
180409694,19.474,34.9,1769925091737,1
180409695,19.473,2.6,1769925091737,1
180409696,19.472,8.8,1769925091737,1
180409697,19.471,82.5,1769925091737,1
180409698,19.47,1.3,1769925091737,1
180409699,19.469,1.4,1769925091737,1
180409700,19.468,0.6,1769925091737,1
180409701,19.467,1.5,1769925091737,1
180409702,19.466,9.6,1769925091737,1
180409703,19.465,0.6,1769925091738,1
180409704,19.464,1.3,1769925091738,1
180409705,19.463,1.2,1769925091739,1
180409706,19.462,1.2,1769925091739,1
180409707,19.461,1.0,1769925091739,1
180409708,19.46,0.6,1769925091740,1
180409709,19.459,1.6,1769925091740,1
180409710,19.458,0.6,1769925091740,1
180409711,19.461,3.5,1769925091741,0
180409712,19.462,4.8,1769925091742,0
180409713,19.465,1.0,1769925091742,0
180409714,19.47,6.6,1769925091742,0
180409715,19.471,4.2,1769925091742,0
180409716,19.473,2.2,1769925091742,0
180409717,19.475,20.1,1769925091742,0
180409718,19.477,3.1,1769925091742,0
180409719,19.469,2.2,1769925091746,1
180409720,19.47,1.0,1769925091748,0
180409721,19.473,0.6,1769925091753,0
180409722,19.474,0.6,1769925091753,0
180409723,19.476,1.7,1769925091753,0
180409724,19.479,0.4,1769925091753,0
180409725,19.48,12.9,1769925091753,0
180409726,19.482,18.7,1769925091753,0
180409727,19.485,2.4,1769925091753,0
180409728,19.487,53.3,1769925091753,0
180409729,19.488,5.9,1769925091753,0
180409730,19.489,10.8,1769925091753,0
180409731,19.479,0.4,1769925091757,1
180409732,19.477,1.0,1769925091757,1
180409733,19.476,0.4,1769925091766,1
180409734,19.472,4.2,1769925091766,1
180409735,19.473,7.5,1769925091772,0
180409736,19.474,0.6,1769925091772,0
180409737,19.475,9.1,1769925091772,0
180409738,19.476,2.7,1769925091772,0
180409739,19.477,5.0,1769925091789,0
180409740,19.478,2.5,1769925091789,0
180409741,19.476,5.7,1769925091807,1
180409742,19.476,5.0,1769925091821,0
180409743,19.48,17.0,1769925091841,1
180409744,19.478,2.5,1769925091841,1
180409745,19.477,4.2,1769925091841,1
180409746,19.476,12.8,1769925091841,1
180409747,19.481,5.6,1769925091854,0
180409748,19.482,0.6,1769925091854,0
180409749,19.483,3.7,1769925091861,0
180409750,19.482,2.1,1769925091889,1
180409751,19.478,0.6,1769925091916,1
180409752,19.477,1.6,1769925091916,1
180409753,19.476,0.6,1769925091916,1
180409754,19.475,0.6,1769925091916,1
180409755,19.474,0.6,1769925091916,1
180409756,19.473,6.6,1769925091916,1
180409757,19.472,4.7,1769925091916,1
180409758,19.471,7.0,1769925091916,1
180409759,19.47,5.2,1769925091916,1
180409760,19.469,0.6,1769925091916,1
180409761,19.468,1.5,1769925091916,1
180409762,19.467,0.6,1769925091916,1
180409763,19.466,16.6,1769925091916,1
180409764,19.465,12.4,1769925091916,1
180409765,19.464,21.3,1769925091916,1
180409766,19.463,35.9,1769925091916,1
180409767,19.462,2.3,1769925091916,1
180409768,19.479,0.5,1769925091916,0
180409769,19.465,3.0,1769925091918,1
180409770,19.466,3.4,1769925091958,0
180409771,19.469,0.6,1769925091973,0
180409772,19.47,1.0,1769925091973,0
180409773,19.474,5.7,1769925091977,0
180409774,19.476,0.4,1769925091977,0
180409775,19.477,5.1,1769925091977,0
180409776,19.478,10.5,1769925091977,0
180409777,19.479,3.9,1769925091977,0
180409778,19.478,3.7,1769925091984,0
180409779,19.471,5.0,1769925092057,0
180409780,19.474,0.6,1769925092062,0
180409781,19.475,0.6,1769925092062,0
180409782,19.477,11.2,1769925092091,0
180409783,19.478,0.6,1769925092091,0
180409784,19.479,0.6,1769925092091,0
180409785,19.48,0.6,1769925092091,0
180409786,19.481,3.9,1769925092091,0
180409787,19.482,0.9,1769925092091,0
180409788,19.483,1.5,1769925092091,0
180409789,19.484,3.0,1769925092091,0
180409790,19.485,4.8,1769925092091,0
180409791,19.486,4.1,1769925092091,0
180409792,19.487,1.5,1769925092091,0
180409793,19.488,37.1,1769925092091,0
180409794,19.489,11.1,1769925092091,0
180409795,19.49,60.9,1769925092091,0
180409796,19.491,24.5,1769925092091,0
180409797,19.492,21.1,1769925092091,0
180409798,19.48,5.5,1769925092095,1
180409799,19.479,3.4,1769925092095,1
180409800,19.476,1.3,1769925092095,1
180409801,19.482,1.2,1769925092123,0
180409802,19.487,1.6,1769925092155,0
180409803,19.488,0.6,1769925092155,0
180409804,19.489,0.6,1769925092155,0
180409805,19.488,3.6,1769925092182,0
180409806,19.489,0.6,1769925092182,0
180409807,19.49,0.6,1769925092182,0
180409808,19.491,7.6,1769925092182,0
180409809,19.492,20.4,1769925092182,0
180409810,19.493,10.5,1769925092182,0
180409811,19.494,0.3,1769925092182,0
180409812,19.496,1.2,1769925092184,0
180409813,19.497,1.3,1769925092184,0
180409814,19.499,47.1,1769925092184,0
180409815,19.5,56.7,1769925092184,0
180409816,19.501,0.9,1769925092185,0
180409817,19.503,0.8,1769925092185,0
180409818,19.5,0.6,1769925092192,0
180409819,19.501,0.6,1769925092200,0
180409820,19.501,3.6,1769925092205,1
180409821,19.505,5.6,1769925092213,0
180409822,19.506,0.6,1769925092213,0
180409823,19.507,2.5,1769925092213,0
180409824,19.508,31.3,1769925092213,0
180409825,19.509,27.2,1769925092213,0
180409826,19.51,0.6,1769925092213,0
180409827,19.511,1.9,1769925092213,0
180409828,19.512,1.2,1769925092213,0
180409829,19.513,1.5,1769925092213,0
180409830,19.514,4.9,1769925092213,0
180409831,19.515,27.6,1769925092213,0
180409832,19.516,90.3,1769925092213,0
180409833,19.517,30.3,1769925092213,0
180409834,19.518,6.0,1769925092213,0
180409835,19.519,24.6,1769925092213,0
180409836,19.505,10.0,1769925092215,0
180409837,19.507,1.0,1769925092220,0
180409838,19.511,0.9,1769925092223,0
180409839,19.513,2.8,1769925092223,0
180409840,19.514,25.0,1769925092239,1
180409841,19.515,0.4,1769925092242,0
180409842,19.514,1.0,1769925092248,1
180409843,19.506,1.0,1769925092251,1
180409844,19.505,3.8,1769925092261,1
180409845,19.513,0.6,1769925092333,0
180409846,19.514,1.0,1769925092333,0
180409847,19.516,7.5,1769925092399,0
180409848,19.517,1.5,1769925092399,0
180409849,19.518,0.9,1769925092399,0
180409850,19.519,19.6,1769925092399,0
180409851,19.519,4.0,1769925092524,0
180409852,19.518,60.3,1769925092528,1
180409853,19.517,0.6,1769925092530,1
180409854,19.515,0.6,1769925092531,1
180409855,19.514,0.6,1769925092531,1
180409856,19.513,1.6,1769925092531,1
180409857,19.512,16.7,1769925092531,1
180409858,19.511,0.9,1769925092531,1
180409859,19.51,2.1,1769925092531,1
180409860,19.509,0.6,1769925092531,1
180409861,19.508,1.8,1769925092531,1
180409862,19.507,16.8,1769925092531,1
180409863,19.506,8.4,1769925092531,1
180409864,19.505,13.9,1769925092560,1
180409865,19.504,1.5,1769925092560,1
180409866,19.503,0.9,1769925092560,1
180409867,19.502,20.9,1769925092560,1
180409868,19.501,0.6,1769925092657,1
180409869,19.5,4.9,1769925092657,1
180409870,19.5,5.0,1769925092675,0
180409871,19.499,0.6,1769925092678,1
180409872,19.498,4.4,1769925092678,1
180409873,19.497,7.3,1769925092754,1
180409874,19.496,1.8,1769925092754,1
180409875,19.499,8.9,1769925092798,0
180409876,19.5,0.6,1769925092799,0
180409877,19.501,1.5,1769925092799,0
180409878,19.502,0.6,1769925092799,0
180409879,19.503,1.5,1769925092799,0
180409880,19.504,0.6,1769925092799,0
180409881,19.505,1.9,1769925092799,0
180409882,19.506,6.1,1769925092799,0
180409883,19.507,7.8,1769925092799,0
180409884,19.508,6.0,1769925092799,0
180409885,19.504,4.8,1769925092861,0
180409886,19.505,3.8,1769925092861,0
180409887,19.506,6.1,1769925092861,0
180409888,19.507,1.6,1769925092861,0
180409889,19.508,0.6,1769925092861,0
180409890,19.509,1.5,1769925092861,0
180409891,19.51,0.6,1769925092861,0
180409892,19.511,0.6,1769925092861,0
180409893,19.506,0.9,1769925092868,1
180409894,19.504,0.9,1769925092916,1
180409895,19.503,11.8,1769925092916,1
180409896,19.502,1.5,1769925092916,1
180409897,19.506,3.3,1769925092956,0
180409898,19.507,0.6,1769925092956,0
180409899,19.508,0.6,1769925092956,0
180409900,19.509,5.5,1769925092956,0
180409901,19.51,11.2,1769925092956,0
180409902,19.511,5.6,1769925092956,0
180409903,19.512,0.9,1769925092956,0
180409904,19.513,1.8,1769925092956,0
180409905,19.514,1.0,1769925092956,0
180409906,19.515,15.0,1769925092956,0
180409907,19.516,26.7,1769925092956,0
180409908,19.517,23.9,1769925092956,0
180409909,19.518,15.0,1769925092956,0
180409910,19.505,3.0,1769925092990,1
180409911,19.514,0.4,1769925093013,0
180409912,19.514,7.8,1769925093037,1
180409913,19.513,0.6,1769925093037,1
180409914,19.512,0.6,1769925093037,1
180409915,19.51,7.8,1769925093037,1
180409916,19.509,7.9,1769925093037,1
180409917,19.508,3.0,1769925093050,1
180409918,19.507,7.8,1769925093050,1
180409919,19.506,9.5,1769925093050,1
180409920,19.505,5.3,1769925093050,1
180409921,19.506,6.3,1769925093070,0
180409922,19.505,1.0,1769925093070,1
180409923,19.504,9.2,1769925093070,1
180409924,19.506,2.8,1769925093103,0
180409925,19.507,0.6,1769925093103,0
180409926,19.508,0.6,1769925093103,0
180409927,19.511,1.7,1769925093103,0
180409928,19.509,6.8,1769925093153,0
180409929,19.51,3.8,1769925093153,0
180409930,19.511,7.8,1769925093153,0
180409931,19.512,5.4,1769925093153,0
180409932,19.513,3.7,1769925093153,0
180409933,19.506,5.5,1769925093168,1
180409934,19.504,22.9,1769925093169,1
180409935,19.503,0.6,1769925093169,1
180409936,19.502,1.8,1769925093169,1
180409937,19.501,6.5,1769925093170,1
180409938,19.5,10.7,1769925093170,1
180409939,19.499,28.9,1769925093170,1
180409940,19.498,13.1,1769925093170,1
180409941,19.497,1.3,1769925093170,1
180409942,19.496,9.1,1769925093171,1
180409943,19.495,3.9,1769925093171,1
180409944,19.499,1.6,1769925093180,1
180409945,19.499,2.6,1769925093188,0
180409946,19.5,6.4,1769925093188,0
180409947,19.501,2.4,1769925093213,1
180409948,19.499,5.7,1769925093218,1
180409949,19.501,3.0,1769925093233,0
180409950,19.502,0.6,1769925093256,0
180409951,19.503,1.5,1769925093256,0
180409952,19.505,4.3,1769925093256,0
180409953,19.501,0.3,1769925093264,0
180409954,19.498,3.7,1769925093279,1
180409955,19.501,2.7,1769925093299,0
180409956,19.502,3.6,1769925093299,0
180409957,19.503,1.5,1769925093299,0
180409958,19.504,2.9,1769925093299,0
180409959,19.505,3.1,1769925093299,0
180409960,19.506,177.6,1769925093299,0
180409961,19.501,0.5,1769925093346,1
180409962,19.502,3.0,1769925093455,0
180409963,19.503,3.6,1769925093455,0
180409964,19.504,3.6,1769925093455,0
180409965,19.505,8.4,1769925093455,0
180409966,19.506,1.4,1769925093455,0
180409967,19.501,0.1,1769925093456,1
180409968,19.5,6.2,1769925093456,1
180409969,19.499,3.2,1769925093457,1
180409970,19.498,17.1,1769925093457,1
180409971,19.497,2.0,1769925093457,1
180409972,19.496,0.6,1769925093467,1
180409973,19.495,0.6,1769925093467,1
180409974,19.494,1.5,1769925093467,1
180409975,19.493,0.6,1769925093467,1
180409976,19.492,1.8,1769925093467,1
180409977,19.491,2.6,1769925093467,1
180409978,19.49,9.2,1769925093519,1
180409979,19.489,5.4,1769925093519,1
180409980,19.498,5.5,1769925093528,0
180409981,19.499,16.7,1769925093528,0
180409982,19.5,1.3,1769925093528,0
180409983,19.498,2.8,1769925093551,0
180409984,19.492,28.0,1769925093589,1
180409985,19.491,11.8,1769925093591,1
180409986,19.49,6.3,1769925093591,1
180409987,19.489,8.8,1769925093591,1
180409988,19.488,7.1,1769925093593,1
180409989,19.487,0.6,1769925093593,1
180409990,19.486,7.1,1769925093593,1
180409991,19.486,2.5,1769925093603,0
180409992,19.488,1.0,1769925093603,0
180409993,19.494,2.6,1769925093603,0
180409994,19.495,1.0,1769925093603,0
180409995,19.493,4.8,1769925093622,0
180409996,19.494,10.4,1769925093622,0
180409997,19.495,3.1,1769925093622,0
180409998,19.496,2.4,1769925093622,0
180409999,19.497,5.7,1769925093622,0
180410000,19.498,0.5,1769925093630,0
180410001,19.497,10.0,1769925093645,1
180410002,19.496,6.2,1769925093645,1
180410003,19.495,0.6,1769925093645,1
180410004,19.493,23.0,1769925093645,1
180410005,19.492,2.6,1769925093645,1
180410006,19.49,2.4,1769925093679,1
180410007,19.495,6.2,1769925093706,0
180410008,19.496,5.2,1769925093707,0
180410009,19.497,23.9,1769925093707,0
180410010,19.498,2.8,1769925093707,0
180410011,19.499,4.5,1769925093707,0
180410012,19.5,9.8,1769925093707,0
180410013,19.501,6.6,1769925093707,0
180410014,19.502,0.6,1769925093707,0
180410015,19.503,7.5,1769925093707,0
180410016,19.504,5.6,1769925093707,0
180410017,19.505,10.1,1769925093707,0
180410018,19.506,321.0,1769925093707,0
180410019,19.507,5.9,1769925093707,0
180410020,19.508,0.9,1769925093709,0
180410021,19.509,0.6,1769925093709,0
180410022,19.51,0.6,1769925093709,0
180410023,19.511,1.3,1769925093709,0
180410024,19.512,0.9,1769925093709,0
180410025,19.513,6.0,1769925093709,0
180410026,19.514,1.0,1769925093709,0
180410027,19.515,40.4,1769925093709,0
180410028,19.516,0.6,1769925093710,0
180410029,19.517,0.6,1769925093710,0
180410030,19.518,0.6,1769925093710,0
180410031,19.518,48.3,1769925093710,1
180410032,19.519,13.7,1769925093710,0
180410033,19.518,5.0,1769925093713,1
180410034,19.518,3.0,1769925093714,0
180410035,19.517,5.5,1769925093716,0
180410036,19.518,35.8,1769925093716,0
180410037,19.519,1.8,1769925093716,0
180410038,19.513,0.4,1769925093723,0
180410039,19.516,5.1,1769925093723,0
180410040,19.517,8.7,1769925093723,0
180410041,19.518,0.4,1769925093723,0
180410042,19.51,5.0,1769925093736,1
180410043,19.508,0.6,1769925093736,1
180410044,19.507,0.6,1769925093736,1
180410045,19.506,0.6,1769925093746,1
180410046,19.505,1.0,1769925093746,1
180410047,19.504,3.8,1769925093746,1
180410048,19.503,22.1,1769925093746,1
180410049,19.502,10.8,1769925093746,1
180410050,19.501,20.6,1769925093746,1
180410051,19.5,14.5,1769925093746,1
180410052,19.499,5.0,1769925093746,1
180410053,19.498,14.1,1769925093746,1
180410054,19.497,74.6,1769925093746,1
180410055,19.496,47.3,1769925093746,1
180410056,19.495,2.4,1769925093746,1
180410057,19.494,27.1,1769925093746,1
180410058,19.493,27.1,1769925093746,1
180410059,19.492,34.1,1769925093746,1
180410060,19.491,50.3,1769925093746,1
180410061,19.49,68.4,1769925093746,1
180410062,19.489,23.0,1769925093746,1
180410063,19.488,24.1,1769925093746,1
180410064,19.487,53.0,1769925093746,1
180410065,19.504,5.7,1769925093748,1
180410066,19.502,1.0,1769925093749,1
180410067,19.499,5.9,1769925093750,1
180410068,19.498,10.0,1769925093750,1
180410069,19.496,1.3,1769925093757,0
180410070,19.497,0.4,1769925093757,0
180410071,19.5,0.4,1769925093779,0
180410072,19.501,0.6,1769925093779,0
180410073,19.502,0.6,1769925093779,0
180410074,19.505,5.2,1769925093779,0
180410075,19.504,0.6,1769925093791,1
180410076,19.503,0.6,1769925093791,1
180410077,19.502,10.0,1769925093791,1
180410078,19.498,1.6,1769925093793,1
180410079,19.497,1.0,1769925093793,1
180410080,19.499,1.9,1769925093829,0
180410081,19.502,2.3,1769925093829,0
180410082,19.504,0.6,1769925093829,0
180410083,19.505,0.3,1769925093829,0
180410084,19.502,5.0,1769925093838,1
180410085,19.501,5.0,1769925093838,1
180410086,19.497,12.2,1769925093838,1
180410087,19.496,6.4,1769925093838,1
180410088,19.495,12.3,1769925093838,1
180410089,19.497,1.0,1769925093840,1
180410090,19.503,0.4,1769925093841,0
180410091,19.504,12.7,1769925093841,0
180410092,19.503,23.1,1769925093843,0
180410093,19.504,0.8,1769925093843,0
180410094,19.502,5.0,1769925093866,1
180410095,19.501,0.6,1769925093866,1
180410096,19.5,0.6,1769925093866,1
180410097,19.502,6.6,1769925093870,0
180410098,19.504,0.6,1769925093870,0
180410099,19.505,3.7,1769925093870,0
180410100,19.506,3.5,1769925093870,0
180410101,19.507,12.6,1769925093870,0
180410102,19.508,25.8,1769925093870,0
180410103,19.509,1.3,1769925093870,0
180410104,19.504,1.0,1769925093927,0
180410105,19.505,4.1,1769925093927,0
180410106,19.502,1.0,1769925093941,0
180410107,19.502,9.8,1769925093944,1
180410108,19.501,7.2,1769925093944,1
180410109,19.5,1.1,1769925093944,1
180410110,19.499,5.7,1769925093944,1
180410111,19.504,1.0,1769925093947,0
180410112,19.505,0.6,1769925093947,0
180410113,19.506,0.9,1769925093947,0
180410114,19.505,4.2,1769925093968,0
180410115,19.506,3.6,1769925094040,0
180410116,19.507,0.6,1769925094040,0
180410117,19.508,0.6,1769925094040,0
180410118,19.509,0.6,1769925094040,0
180410119,19.51,3.6,1769925094040,0
180410120,19.511,12.1,1769925094040,0
180410121,19.512,6.9,1769925094040,0
180410122,19.513,22.4,1769925094040,0
180410123,19.514,42.1,1769925094040,0
180410124,19.515,7.6,1769925094040,0
180410125,19.516,24.2,1769925094040,0
180410126,19.517,1.1,1769925094040,0
180410127,19.507,1.0,1769925094042,0
180410128,19.517,27.1,1769925094042,0
180410129,19.518,3.6,1769925094042,0
180410130,19.519,58.6,1769925094042,0
180410131,19.52,7.7,1769925094042,0
180410132,19.521,3.0,1769925094042,0
180410133,19.522,29.5,1769925094042,0
180410134,19.523,3.6,1769925094042,0
180410135,19.524,11.1,1769925094042,0
180410136,19.525,7.7,1769925094042,0
180410137,19.526,10.6,1769925094042,0
180410138,19.527,33.2,1769925094042,0
180410139,19.528,28.9,1769925094042,0
180410140,19.529,6.9,1769925094042,0
180410141,19.53,8.0,1769925094042,0
180410142,19.531,11.4,1769925094042,0
180410143,19.532,23.5,1769925094042,0
180410144,19.533,7.7,1769925094042,0
180410145,19.534,6.9,1769925094042,0
180410146,19.535,6.8,1769925094042,0
180410147,19.536,29.1,1769925094042,0
180410148,19.537,12.2,1769925094042,0
180410149,19.538,10.0,1769925094042,0
180410150,19.539,50.2,1769925094042,0
180410151,19.54,100.5,1769925094042,0
180410152,19.515,5.5,1769925094042,0
180410153,19.54,28.8,1769925094042,0
180410154,19.502,10.0,1769925094042,1
180410155,19.501,12.5,1769925094042,1
180410156,19.509,3.2,1769925094044,0
180410157,19.51,3.2,1769925094044,0
180410158,19.516,5.1,1769925094044,0
180410159,19.517,1.0,1769925094044,0
180410160,19.518,3.0,1769925094044,0
180410161,19.523,0.2,1769925094044,0
180410162,19.516,9.4,1769925094045,0
180410163,19.524,0.8,1769925094046,0
180410164,19.532,5.5,1769925094069,0
180410165,19.533,8.6,1769925094069,0
180410166,19.534,0.6,1769925094103,0
180410167,19.535,1.6,1769925094107,0
180410168,19.537,0.6,1769925094111,0
180410169,19.538,5.6,1769925094111,0
180410170,19.539,2.5,1769925094111,0
180410171,19.54,0.3,1769925094112,0
180410172,19.541,1.8,1769925094112,0
180410173,19.542,1.5,1769925094125,0
180410174,19.543,2.3,1769925094125,0
180410175,19.544,0.6,1769925094125,0
180410176,19.545,16.7,1769925094125,0
180410177,19.544,2.4,1769925094138,1
180410178,19.542,1.2,1769925094138,1
180410179,19.545,1.6,1769925094155,0
180410180,19.54,3.6,1769925094205,1
180410181,19.539,0.6,1769925094205,1
180410182,19.538,0.6,1769925094205,1
180410183,19.537,0.9,1769925094205,1
180410184,19.541,5.5,1769925094297,0
180410185,19.542,0.6,1769925094297,0
180410186,19.543,1.3,1769925094297,0
180410187,19.537,0.7,1769925094317,1
180410188,19.536,16.7,1769925094317,1
180410189,19.535,0.6,1769925094317,1
180410190,19.534,2.1,1769925094317,1
180410191,19.533,5.5,1769925094317,1
180410192,19.539,1.0,1769925094352,1
180410193,19.535,0.6,1769925094352,1
180410194,19.534,1.5,1769925094352,1
180410195,19.532,1.9,1769925094352,1
180410196,19.531,2.9,1769925094352,1
180410197,19.541,9.2,1769925094377,0
180410198,19.542,12.0,1769925094377,0
180410199,19.543,4.3,1769925094377,0
180410200,19.544,7.0,1769925094377,0
180410201,19.545,0.9,1769925094411,0
180410202,19.543,0.6,1769925094433,1
180410203,19.539,1.1,1769925094433,1
180410204,19.545,28.3,1769925094493,0
180410205,19.546,0.6,1769925094495,0
180410206,19.547,1.3,1769925094495,0
180410207,19.548,2.1,1769925094495,0
180410208,19.549,1.8,1769925094495,0
180410209,19.55,106.3,1769925094495,0
180410210,19.551,67.6,1769925094503,0
180410211,19.552,0.6,1769925094522,0
180410212,19.554,0.6,1769925094528,0
180410213,19.555,0.6,1769925094528,0
180410214,19.556,0.9,1769925094528,0
180410215,19.557,6.4,1769925094528,0
180410216,19.558,1.4,1769925094530,0
180410217,19.559,20.6,1769925094530,0
180410218,19.56,7.9,1769925094530,0
180410219,19.561,2.3,1769925094530,0
180410220,19.562,6.3,1769925094530,0
180410221,19.563,2.2,1769925094530,0
180410222,19.564,7.3,1769925094530,0
180410223,19.565,1.5,1769925094530,0
180410224,19.566,0.6,1769925094530,0
180410225,19.567,1.5,1769925094530,0
180410226,19.568,2.5,1769925094530,0
180410227,19.569,8.2,1769925094530,0
180410228,19.57,5.7,1769925094530,0
180410229,19.571,11.4,1769925094530,0
180410230,19.572,0.3,1769925094532,0
180410231,19.571,1.0,1769925094533,0
180410232,19.572,10.2,1769925094533,0
180410233,19.573,4.1,1769925094533,0
180410234,19.574,5.5,1769925094534,0
180410235,19.575,1.5,1769925094534,0
180410236,19.576,9.2,1769925094534,0
180410237,19.577,1.5,1769925094535,0
180410238,19.578,0.6,1769925094535,0
180410239,19.579,2.7,1769925094535,0
180410240,19.58,0.3,1769925094536,0
180410241,19.577,3.0,1769925094570,1
180410242,19.58,0.3,1769925094571,0
180410243,19.581,1.9,1769925094571,0
180410244,19.582,1.6,1769925094571,0
180410245,19.583,1.5,1769925094571,0
180410246,19.584,0.9,1769925094571,0
180410247,19.585,1.5,1769925094571,0
180410248,19.586,2.1,1769925094572,0
180410249,19.587,2.8,1769925094572,0
180410250,19.588,0.9,1769925094572,0
180410251,19.589,1.5,1769925094573,0
180410252,19.59,0.3,1769925094573,0
180410253,19.585,1.0,1769925094574,0
180410254,19.585,1.0,1769925094576,1
180410255,19.585,2.2,1769925094577,0
180410256,19.586,2.3,1769925094577,0
180410257,19.588,3.2,1769925094577,0
180410258,19.589,3.2,1769925094577,0
180410259,19.59,0.3,1769925094577,0
180410260,19.591,1.5,1769925094577,0
180410261,19.592,5.7,1769925094577,0
180410262,19.593,4.2,1769925094577,0
180410263,19.594,1.0,1769925094577,0
180410264,19.595,31.8,1769925094577,0
180410265,19.596,1.7,1769925094577,0
180410266,19.597,11.7,1769925094577,0
180410267,19.598,17.2,1769925094577,0
180410268,19.599,57.8,1769925094577,0
180410269,19.6,51.0,1769925094577,0
180410270,19.586,3.0,1769925094579,0
180410271,19.596,8.8,1769925094579,0
180410272,19.6,476.5,1769925094580,0
180410273,19.6,2.3,1769925094584,1
180410274,19.599,2.4,1769925094586,1
180410275,19.6,10.0,1769925094587,1
180410276,19.596,0.6,1769925094590,1
180410277,19.595,0.6,1769925094590,1
180410278,19.598,3.2,1769925094591,0
180410279,19.6,5.5,1769925094593,0
180410280,19.599,3.2,1769925094596,0
180410281,19.603,1.3,1769925094596,0
180410282,19.604,0.9,1769925094596,0
180410283,19.606,4.9,1769925094596,0
180410284,19.601,3.4,1769925094599,1
180410285,19.6,2.4,1769925094599,1
180410286,19.599,3.4,1769925094599,1
180410287,19.597,50.0,1769925094599,1
180410288,19.603,1.0,1769925094599,1
180410289,19.597,0.7,1769925094599,1
180410290,19.605,5.5,1769925094600,0
180410291,19.606,3.0,1769925094601,0
180410292,19.607,18.6,1769925094601,0
180410293,19.608,0.9,1769925094601,0
180410294,19.612,22.2,1769925094601,0
180410295,19.614,4.7,1769925094607,0
180410296,19.613,5.0,1769925094608,1
180410297,19.612,5.0,1769925094609,1
180410298,19.614,37.9,1769925094617,0
180410299,19.608,0.6,1769925094618,1
180410300,19.615,1.7,1769925094619,0
180410301,19.616,1.0,1769925094619,0
180410302,19.617,0.6,1769925094623,0
180410303,19.618,0.4,1769925094623,0
180410304,19.619,2.1,1769925094624,0
180410305,19.618,0.6,1769925094629,0
180410306,19.619,0.6,1769925094629,0
180410307,19.62,0.8,1769925094629,0
180410308,19.622,0.3,1769925094629,0
180410309,19.625,2.1,1769925094631,0
180410310,19.628,14.0,1769925094632,0
180410311,19.63,16.1,1769925094632,0
180410312,19.631,0.4,1769925094632,0
180410313,19.632,14.3,1769925094632,0
180410314,19.633,7.4,1769925094632,0
180410315,19.634,20.0,1769925094632,0
180410316,19.635,35.6,1769925094632,0
180410317,19.636,67.1,1769925094632,0
180410318,19.637,0.8,1769925094632,0
180410319,19.64,30.8,1769925094632,0
180410320,19.641,6.5,1769925094632,0
180410321,19.642,21.3,1769925094632,0
180410322,19.643,25.9,1769925094632,0
180410323,19.644,14.3,1769925094632,0
180410324,19.645,4.4,1769925094632,0
180410325,19.632,1.0,1769925094635,0
180410326,19.633,0.5,1769925094637,1
180410327,19.634,1.7,1769925094639,1
180410328,19.633,1.6,1769925094639,1
180410329,19.635,1.0,1769925094641,0
180410330,19.639,0.9,1769925094641,0
180410331,19.64,0.6,1769925094641,0
180410332,19.648,2.5,1769925094641,0
180410333,19.647,0.3,1769925094644,0
180410334,19.636,1.0,1769925094645,1
180410335,19.639,1.4,1769925094648,1
180410336,19.638,1.2,1769925094649,1
180410337,19.637,0.7,1769925094654,1
180410338,19.635,1.0,1769925094654,1
180410339,19.634,0.6,1769925094654,1
180410340,19.633,5.0,1769925094654,1
180410341,19.632,1.7,1769925094654,1
180410342,19.63,0.8,1769925094656,1
180410343,19.627,0.2,1769925094656,1
180410344,19.625,3.0,1769925094666,1
180410345,19.624,0.6,1769925094675,1
180410346,19.623,0.4,1769925094675,1
180410347,19.629,6.4,1769925094684,0
180410348,19.624,0.3,1769925094684,1
180410349,19.63,0.6,1769925094697,0
180410350,19.631,0.6,1769925094700,0
180410351,19.632,0.6,1769925094710,0
180410352,19.633,10.2,1769925094729,0
180410353,19.631,0.6,1769925094739,1
180410354,19.63,0.6,1769925094750,1
180410355,19.629,0.6,1769925094750,1
180410356,19.628,0.6,1769925094750,1
180410357,19.626,4.8,1769925094750,1
180410358,19.625,7.6,1769925094762,1
180410359,19.631,9.4,1769925094769,0
180410360,19.632,0.6,1769925094769,0
180410361,19.633,0.6,1769925094778,0
180410362,19.634,0.6,1769925094778,0
180410363,19.635,1.5,1769925094778,0
180410364,19.636,0.6,1769925094778,0
180410365,19.637,0.6,1769925094782,0
180410366,19.638,90.4,1769925094782,0
180410367,19.639,1.9,1769925094782,0
180410368,19.636,2.4,1769925094782,1
180410369,19.64,0.6,1769925094785,0
180410370,19.641,0.6,1769925094785,0
180410371,19.642,1.0,1769925094785,0
180410372,19.643,0.6,1769925094785,0
180410373,19.644,0.6,1769925094785,0
180410374,19.645,1.8,1769925094785,0
180410375,19.647,0.4,1769925094785,0
180410376,19.648,33.6,1769925094785,0
180410377,19.649,1.0,1769925094785,0
180410378,19.65,4.7,1769925094785,0
180410379,19.653,53.1,1769925094785,0
180410380,19.655,5.0,1769925094785,0
180410381,19.656,13.9,1769925094785,0
180410382,19.658,15.1,1769925094785,0
180410383,19.659,1.8,1769925094785,0
180410384,19.66,5.2,1769925094785,0
180410385,19.663,0.3,1769925094787,0
180410386,19.655,10.0,1769925094787,1
180410387,19.654,16.3,1769925094787,1
180410388,19.652,125.9,1769925094787,1
180410389,19.663,5.3,1769925094788,0
180410390,19.664,1.0,1769925094789,0
180410391,19.662,4.2,1769925094789,1
180410392,19.663,5.3,1769925094790,0
180410393,19.661,1.0,1769925094790,1
180410394,19.656,1.0,1769925094814,1
180410395,19.655,5.5,1769925094814,1
180410396,19.654,4.5,1769925094814,1
180410397,19.655,0.3,1769925094831,1
180410398,19.654,6.9,1769925094831,1
180410399,19.653,0.6,1769925094831,1
180410400,19.652,0.6,1769925094831,1
180410401,19.651,0.6,1769925094831,1
180410402,19.65,7.4,1769925094833,1
180410403,19.648,2.5,1769925094833,1
180410404,19.647,3.5,1769925094833,1
180410405,19.646,0.6,1769925094838,1
180410406,19.645,0.6,1769925094838,1
180410407,19.642,0.4,1769925094838,1
180410408,19.639,0.4,1769925094838,1
180410409,19.637,2.0,1769925094838,1
180410410,19.647,11.5,1769925094839,0
180410411,19.646,8.9,1769925094843,0
180410412,19.647,0.4,1769925094855,0
180410413,19.648,0.6,1769925094858,0
180410414,19.649,0.6,1769925094858,0
180410415,19.65,0.6,1769925094858,0
180410416,19.651,9.3,1769925094859,0
180410417,19.65,1.3,1769925094859,1
180410418,19.651,34.8,1769925094859,0
180410419,19.649,3.4,1769925094864,1
180410420,19.648,2.1,1769925094864,1
180410421,19.642,4.5,1769925094864,1
180410422,19.651,255.6,1769925094864,0
180410423,19.653,0.4,1769925094868,0
180410424,19.656,0.4,1769925094870,0
180410425,19.656,3.7,1769925094873,1
180410426,19.657,0.6,1769925094882,0
180410427,19.657,0.5,1769925094885,1
180410428,19.658,0.8,1769925094886,0
180410429,19.659,10.0,1769925094893,1
180410430,19.658,3.4,1769925094893,1
180410431,19.657,3.7,1769925094893,1
180410432,19.656,0.7,1769925094893,1
180410433,19.655,0.6,1769925094893,1
180410434,19.654,6.0,1769925094893,1
180410435,19.653,23.3,1769925094893,1
180410436,19.652,20.0,1769925094893,1
180410437,19.66,0.6,1769925094895,0
180410438,19.657,10.0,1769925094926,0
180410439,19.656,1.6,1769925094931,1
180410440,19.655,0.6,1769925094931,1
180410441,19.654,0.6,1769925094931,1
180410442,19.653,5.4,1769925094931,1
180410443,19.652,1.8,1769925094931,1
180410444,19.661,6.4,1769925094937,0
180410445,19.663,0.6,1769925094937,0
180410446,19.664,0.6,1769925094938,0
180410447,19.665,1.0,1769925094938,0
180410448,19.666,17.9,1769925094938,0
180410449,19.666,2.8,1769925094942,1
180410450,19.667,1.9,1769925094943,0
180410451,19.668,0.5,1769925094946,0
180410452,19.669,0.3,1769925094975,0
180410453,19.67,0.6,1769925094978,0
180410454,19.671,0.7,1769925094998,0
180410455,19.672,0.3,1769925094998,0
180410456,19.673,1.4,1769925094998,0
180410457,19.674,0.9,1769925094998,0
180410458,19.675,4.0,1769925094998,0
180410459,19.676,1.7,1769925094998,0
180410460,19.677,8.9,1769925094998,0
180410461,19.678,7.5,1769925095017,0
180410462,19.679,0.9,1769925095017,0
180410463,19.68,3.3,1769925095017,0
180410464,19.681,5.1,1769925095017,0
180410465,19.682,1.6,1769925095017,0
180410466,19.683,29.2,1769925095017,0
180410467,19.674,5.0,1769925095021,1
180410468,19.678,1.0,1769925095028,1
180410469,19.677,0.4,1769925095033,0
180410470,19.674,0.4,1769925095038,1
180410471,19.677,3.6,1769925095039,0
180410472,19.675,0.6,1769925095046,0
180410473,19.677,1.4,1769925095093,0
180410474,19.678,0.6,1769925095093,0
180410475,19.679,1.5,1769925095093,0
180410476,19.68,0.6,1769925095093,0
180410477,19.681,1.5,1769925095093,0
180410478,19.683,9.8,1769925095093,0
180410479,19.682,0.3,1769925095107,0
180410480,19.683,1.0,1769925095108,0
180410481,19.684,0.6,1769925095108,0
180410482,19.685,1.5,1769925095108,0
180410483,19.686,3.7,1769925095108,0
180410484,19.687,3.3,1769925095109,0
180410485,19.688,0.7,1769925095109,0
180410486,19.689,1.9,1769925095109,0
180410487,19.69,4.3,1769925095109,0
180410488,19.691,0.9,1769925095109,0
180410489,19.692,5.4,1769925095109,0
180410490,19.693,0.9,1769925095109,0
180410491,19.694,1.2,1769925095109,0
180410492,19.695,11.3,1769925095109,0
180410493,19.696,37.9,1769925095109,0
180410494,19.697,3.1,1769925095109,0
180410495,19.698,5.9,1769925095109,0
180410496,19.699,17.1,1769925095109,0
180410497,19.7,115.8,1769925095109,0
180410498,19.701,1.3,1769925095109,0
180410499,19.702,5.0,1769925095109,0
180410500,19.703,1.2,1769925095109,0
180410501,19.704,23.0,1769925095109,0
180410502,19.705,9.8,1769925095109,0
180410503,19.706,11.3,1769925095109,0
180410504,19.707,7.6,1769925095109,0
180410505,19.708,0.6,1769925095109,0
180410506,19.71,5.4,1769925095110,0
180410507,19.711,4.8,1769925095110,0
180410508,19.712,23.2,1769925095110,0
180410509,19.713,4.9,1769925095110,0
180410510,19.714,24.2,1769925095110,0
180410511,19.715,27.8,1769925095110,0
180410512,19.716,0.3,1769925095110,0
180410513,19.717,0.3,1769925095110,0
180410514,19.718,0.3,1769925095111,0
180410515,19.713,4.9,1769925095112,1
180410516,19.712,2.4,1769925095112,1
180410517,19.71,2.4,1769925095112,1
180410518,19.709,2.4,1769925095112,1
180410519,19.707,2.4,1769925095112,1
180410520,19.705,2.4,1769925095112,1
180410521,19.704,29.9,1769925095112,1
180410522,19.719,1.2,1769925095112,0
180410523,19.72,0.6,1769925095112,0
180410524,19.722,12.7,1769925095112,0
180410525,19.723,26.4,1769925095112,0
180410526,19.724,0.4,1769925095112,0
180410527,19.725,0.9,1769925095112,0
180410528,19.726,45.1,1769925095112,0
180410529,19.727,0.4,1769925095112,0
180410530,19.728,205.1,1769925095112,0
180410531,19.719,2.4,1769925095113,1
180410532,19.718,7.2,1769925095113,1
180410533,19.709,1.0,1769925095113,1
180410534,19.708,0.3,1769925095113,1
180410535,19.707,12.6,1769925095113,1
180410536,19.706,2.4,1769925095113,1
180410537,19.705,18.5,1769925095113,1
180410538,19.704,103.2,1769925095113,1
180410539,19.703,4.6,1769925095113,1
180410540,19.728,56.7,1769925095115,0
180410541,19.73,14.2,1769925095116,0
180410542,19.731,1.0,1769925095116,0
180410543,19.733,0.2,1769925095116,0
180410544,19.73,13.7,1769925095117,0
180410545,19.733,2.1,1769925095117,0
180410546,19.727,3.2,1769925095118,0
180410547,19.728,3.1,1769925095118,0
180410548,19.73,13.7,1769925095118,0
180410549,19.733,19.5,1769925095118,0
180410550,19.734,1.6,1769925095118,0
180410551,19.736,19.1,1769925095118,0
180410552,19.729,10.0,1769925095119,1
180410553,19.727,0.6,1769925095119,1
180410554,19.732,5.1,1769925095119,0
180410555,19.733,3.2,1769925095119,0
180410556,19.736,1.9,1769925095119,0
180410557,19.727,5.1,1769925095120,0
180410558,19.729,3.0,1769925095120,0
180410559,19.731,3.0,1769925095122,0
180410560,19.73,2.1,1769925095124,0
180410561,19.725,0.4,1769925095125,1
180410562,19.73,2.2,1769925095126,0
180410563,19.726,5.0,1769925095130,1
180410564,19.725,5.7,1769925095131,1
180410565,19.724,6.0,1769925095131,1
180410566,19.72,0.6,1769925095134,1
180410567,19.719,6.2,1769925095134,1
180410568,19.718,1.0,1769925095135,1
180410569,19.717,0.6,1769925095135,1
180410570,19.715,10.0,1769925095135,1
180410571,19.714,10.1,1769925095137,1
180410572,19.713,0.4,1769925095137,1
180410573,19.711,20.4,1769925095137,1
180410574,19.71,3.4,1769925095137,1
180410575,19.707,5.1,1769925095141,0
180410576,19.708,9.4,1769925095141,0
180410577,19.706,7.0,1769925095142,1
180410578,19.707,1.0,1769925095146,1
180410579,19.706,0.6,1769925095146,1
180410580,19.705,4.1,1769925095146,1
180410581,19.704,5.0,1769925095146,1
180410582,19.709,1.0,1769925095148,1
180410583,19.702,10.1,1769925095148,1
180410584,19.701,0.8,1769925095148,1
180410585,19.7,1.3,1769925095148,1
180410586,19.705,12.4,1769925095150,0
180410587,19.698,45.2,1769925095150,1
180410588,19.701,7.0,1769925095151,1
180410589,19.699,5.7,1769925095151,1
180410590,19.698,13.6,1769925095151,1
180410591,19.699,1.9,1769925095152,0
180410592,19.703,13.6,1769925095152,0
180410593,19.697,6.1,1769925095153,1
180410594,19.698,13.7,1769925095157,0
180410595,19.701,13.7,1769925095157,0
180410596,19.7,13.0,1769925095159,0
180410597,19.703,0.7,1769925095159,0
180410598,19.701,0.6,1769925095160,0
180410599,19.702,0.6,1769925095160,0
180410600,19.703,11.8,1769925095160,0
180410601,19.701,10.1,1769925095165,1
180410602,19.7,0.6,1769925095165,1
180410603,19.702,3.2,1769925095167,1
180410604,19.701,5.7,1769925095172,1
180410605,19.704,21.0,1769925095178,0
180410606,19.705,16.7,1769925095178,0
180410607,19.699,3.4,1769925095178,1
180410608,19.705,0.6,1769925095179,0
180410609,19.702,5.8,1769925095188,1
180410610,19.7,0.8,1769925095188,1
180410611,19.699,8.1,1769925095191,1
180410612,19.698,6.2,1769925095193,1
180410613,19.697,6.3,1769925095193,1
180410614,19.696,0.6,1769925095193,1
180410615,19.695,26.3,1769925095193,1
180410616,19.694,9.0,1769925095203,1
180410617,19.693,0.6,1769925095204,1
180410618,19.692,3.4,1769925095204,1
180410619,19.69,1.0,1769925095236,1
180410620,19.689,1.6,1769925095242,1
180410621,19.688,1.2,1769925095242,1
180410622,19.687,5.8,1769925095246,1
180410623,19.686,7.1,1769925095246,1
180410624,19.694,2.9,1769925095265,0
180410625,19.69,6.0,1769925095266,1
180410626,19.687,0.6,1769925095266,1
180410627,19.686,11.7,1769925095266,1
180410628,19.683,8.4,1769925095266,1
180410629,19.692,0.9,1769925095272,1
180410630,19.694,13.3,1769925095300,0
180410631,19.692,0.1,1769925095306,1
180410632,19.69,0.7,1769925095306,1
180410633,19.694,9.5,1769925095307,0
180410634,19.695,0.6,1769925095307,0
180410635,19.696,26.9,1769925095307,0
180410636,19.697,10.7,1769925095311,0
180410637,19.692,3.3,1769925095317,1
180410638,19.691,0.6,1769925095317,1
180410639,19.69,1.2,1769925095317,1
180410640,19.695,3.1,1769925095326,0
180410641,19.693,1.0,1769925095333,1
180410642,19.692,0.6,1769925095335,1
180410643,19.69,4.3,1769925095335,1
180410644,19.691,0.6,1769925095344,1
180410645,19.69,2.2,1769925095344,1
180410646,19.695,24.1,1769925095346,0
180410647,19.696,0.6,1769925095361,0
180410648,19.697,0.6,1769925095361,0
180410649,19.698,27.8,1769925095361,0
180410650,19.699,0.6,1769925095361,0
180410651,19.7,29.9,1769925095361,0
180410652,19.697,0.4,1769925095368,0
180410653,19.691,2.0,1769925095413,1
180410654,19.69,0.6,1769925095426,1
180410655,19.689,0.6,1769925095426,1
180410656,19.688,1.5,1769925095426,1
180410657,19.687,0.3,1769925095426,1
180410658,19.69,1.0,1769925095437,1
180410659,19.687,0.3,1769925095437,1
180410660,19.686,3.4,1769925095437,1
180410661,19.696,10.6,1769925095461,0
180410662,19.697,0.6,1769925095479,0
180410663,19.698,0.6,1769925095479,0
180410664,19.699,1.6,1769925095479,0
180410665,19.7,0.6,1769925095479,0
180410666,19.701,1.7,1769925095479,0
180410667,19.702,0.6,1769925095483,0
180410668,19.696,5.0,1769925095505,1
180410669,19.695,10.3,1769925095505,1
180410670,19.697,5.0,1769925095507,1
180410671,19.696,4.5,1769925095507,1
180410672,19.695,0.6,1769925095532,1
180410673,19.694,1.5,1769925095532,1
180410674,19.693,36.7,1769925095532,1
180410675,19.692,1.3,1769925095532,1
180410676,19.691,3.0,1769925095532,1
180410677,19.69,8.0,1769925095532,1
180410678,19.697,1.6,1769925095581,0
180410679,19.698,0.6,1769925095581,0
180410680,19.7,7.7,1769925095581,0
180410681,19.693,0.6,1769925095596,1
180410682,19.692,1.6,1769925095596,1
180410683,19.691,0.6,1769925095601,1
180410684,19.693,2.4,1769925095602,1
180410685,19.69,1.5,1769925095602,1
180410686,19.689,1.0,1769925095606,1
180410687,19.688,1.3,1769925095611,1
180410688,19.689,5.4,1769925095613,1
180410689,19.688,5.0,1769925095613,1
180410690,19.687,1.2,1769925095613,1
180410691,19.686,8.6,1769925095616,1
180410692,19.688,3.0,1769925095627,0
180410693,19.689,4.8,1769925095627,0
180410694,19.69,11.0,1769925095627,0
180410695,19.691,9.2,1769925095631,0
180410696,19.686,1.1,1769925095634,1
180410697,19.685,6.1,1769925095648,1
180410698,19.69,5.5,1769925095648,0
180410699,19.69,79.0,1769925095650,1
180410700,19.689,0.6,1769925095651,1
180410701,19.688,0.6,1769925095651,1
180410702,19.684,2.1,1769925095651,1
180410703,19.683,42.5,1769925095651,1
180410704,19.682,1.5,1769925095654,1
180410705,19.681,10.8,1769925095654,1
180410706,19.68,1.5,1769925095654,1
180410707,19.679,26.6,1769925095654,1
180410708,19.678,12.2,1769925095654,1
180410709,19.677,1.0,1769925095656,1
180410710,19.676,1.5,1769925095656,1
180410711,19.679,20.2,1769925095657,1
180410712,19.675,0.6,1769925095665,1
180410713,19.674,2.9,1769925095665,1
180410714,19.673,6.2,1769925095665,1
180410715,19.672,7.7,1769925095665,1
180410716,19.671,2.8,1769925095679,1
180410717,19.67,1.5,1769925095679,1
180410718,19.669,0.6,1769925095679,1
180410719,19.671,5.5,1769925095684,0
180410720,19.672,0.4,1769925095684,0
180410721,19.668,3.0,1769925095698,1
180410722,19.671,5.5,1769925095706,0
180410723,19.672,9.5,1769925095707,0
180410724,19.673,0.6,1769925095708,0
180410725,19.674,0.6,1769925095716,0
180410726,19.675,0.6,1769925095716,0
180410727,19.676,0.6,1769925095716,0
180410728,19.677,2.9,1769925095717,0
180410729,19.68,1.5,1769925095717,0
180410730,19.681,0.6,1769925095721,0
180410731,19.682,1.5,1769925095721,0
180410732,19.683,2.0,1769925095721,0
180410733,19.684,0.9,1769925095721,0
180410734,19.685,3.3,1769925095721,0
180410735,19.686,0.9,1769925095721,0
180410736,19.687,3.0,1769925095721,0
180410737,19.688,0.9,1769925095721,0
180410738,19.689,25.9,1769925095721,0
180410739,19.69,14.2,1769925095721,0
180410740,19.691,0.6,1769925095726,0
180410741,19.692,60.2,1769925095726,0
180410742,19.693,0.6,1769925095727,0
180410743,19.694,1.5,1769925095727,0
180410744,19.695,3.6,1769925095727,0
180410745,19.696,1.5,1769925095727,0
180410746,19.697,0.6,1769925095727,0
180410747,19.698,1.5,1769925095727,0
180410748,19.699,1.6,1769925095727,0
180410749,19.7,1.5,1769925095727,0
180410750,19.701,0.8,1769925095727,0
180410751,19.702,25.1,1769925095727,0
180410752,19.703,8.6,1769925095727,0
180410753,19.704,32.7,1769925095727,0
180410754,19.705,5.6,1769925095727,0
180410755,19.706,12.4,1769925095727,0
180410756,19.707,6.2,1769925095727,0
180410757,19.708,33.0,1769925095727,0
180410758,19.709,5.9,1769925095727,0
180410759,19.71,15.1,1769925095727,0
180410760,19.711,6.9,1769925095727,0
180410761,19.712,128.3,1769925095727,0
180410762,19.713,24.3,1769925095727,0
180410763,19.714,2.1,1769925095727,0
180410764,19.715,12.1,1769925095727,0
180410765,19.716,7.7,1769925095727,0
180410766,19.717,5.1,1769925095727,0
180410767,19.718,7.0,1769925095727,0
180410768,19.719,10.1,1769925095727,0
180410769,19.72,10.4,1769925095727,0
180410770,19.721,13.3,1769925095727,0
180410771,19.722,26.9,1769925095727,0
180410772,19.723,31.8,1769925095727,0
180410773,19.694,1.0,1769925095728,0
180410774,19.701,0.6,1769925095728,0
180410775,19.71,1.0,1769925095730,0
180410776,19.715,20.3,1769925095730,0
180410777,19.718,20.3,1769925095730,0
180410778,19.722,32.7,1769925095730,0
180410779,19.723,5.9,1769925095730,0
180410780,19.713,1.0,1769925095732,0
180410781,19.723,3.7,1769925095732,0
180410782,19.721,0.3,1769925095737,0
180410783,19.717,9.5,1769925095740,1
180410784,19.712,3.3,1769925095743,1
180410785,19.711,0.3,1769925095743,1
180410786,19.71,30.1,1769925095745,1
180410787,19.709,0.6,1769925095748,1
180410788,19.708,0.6,1769925095748,1
180410789,19.707,0.7,1769925095748,1
180410790,19.701,0.8,1769925095758,1
180410791,19.698,9.6,1769925095758,1
180410792,19.695,4.8,1769925095761,1
180410793,19.693,1.0,1769925095763,1
180410794,19.694,1.0,1769925095765,1
180410795,19.692,0.3,1769925095765,1
180410796,19.699,25.6,1769925095770,0
180410797,19.701,0.6,1769925095771,0
180410798,19.702,0.6,1769925095771,0
180410799,19.703,5.8,1769925095771,0
180410800,19.704,0.6,1769925095773,0
180410801,19.707,5.7,1769925095775,0
180410802,19.708,5.1,1769925095775,0
180410803,19.709,5.1,1769925095775,0
180410804,19.71,0.4,1769925095775,0
180410805,19.713,0.4,1769925095775,0
180410806,19.715,7.1,1769925095775,0
180410807,19.717,8.1,1769925095775,0
180410808,19.703,1.0,1769925095776,1
180410809,19.711,1.0,1769925095777,1
180410810,19.703,4.0,1769925095777,1
180410811,19.701,0.6,1769925095777,1
180410812,19.7,0.6,1769925095777,1
180410813,19.698,0.8,1769925095777,1
180410814,19.697,3.3,1769925095777,1
180410815,19.696,6.6,1769925095777,1
180410816,19.695,1.3,1769925095777,1
180410817,19.692,22.7,1769925095777,1
180410818,19.705,0.4,1769925095781,1
180410819,19.706,1.1,1769925095784,1
180410820,19.708,0.6,1769925095789,0
180410821,19.709,0.6,1769925095789,0
180410822,19.712,5.7,1769925095790,0
180410823,19.713,15.9,1769925095790,0
180410824,19.718,0.4,1769925095790,0
180410825,19.721,5.7,1769925095797,0
180410826,19.722,6.4,1769925095797,0
180410827,19.723,0.6,1769925095797,0
180410828,19.724,7.7,1769925095797,0
180410829,19.725,0.6,1769925095797,0
180410830,19.724,2.1,1769925095811,1
180410831,19.726,0.6,1769925095818,0
180410832,19.727,1.0,1769925095818,0
180410833,19.727,1.7,1769925095819,1
180410834,19.725,4.6,1769925095819,1
180410835,19.728,0.6,1769925095820,0
180410836,19.729,0.9,1769925095822,0
180410837,19.73,2.0,1769925095822,0
180410838,19.731,1.6,1769925095824,0
180410839,19.732,0.6,1769925095824,0
180410840,19.733,0.6,1769925095824,0
180410841,19.734,0.6,1769925095828,0
180410842,19.735,0.4,1769925095828,0
180410843,19.734,0.5,1769925095830,1
180410844,19.732,0.6,1769925095834,1
180410845,19.731,0.6,1769925095834,1
180410846,19.728,4.9,1769925095834,1
180410847,19.725,6.0,1769925095837,1
180410848,19.724,0.6,1769925095837,1
180410849,19.724,10.0,1769925095864,0
180410850,19.728,10.2,1769925095870,0
180410851,19.731,1.0,1769925095874,0
180410852,19.732,0.6,1769925095874,0
180410853,19.733,0.6,1769925095874,0
180410854,19.728,2.2,1769925095882,1
180410855,19.726,0.6,1769925095905,1
180410856,19.725,6.3,1769925095905,1
180410857,19.724,5.0,1769925095905,1
180410858,19.723,5.6,1769925095905,1
180410859,19.724,0.6,1769925095909,1
180410860,19.722,0.6,1769925095909,1
180410861,19.721,1.6,1769925095909,1
180410862,19.72,1.5,1769925095909,1
180410863,19.719,10.1,1769925095909,1
180410864,19.718,1.3,1769925095909,1
180410865,19.717,41.5,1769925095909,1
180410866,19.716,8.0,1769925095909,1
180410867,19.715,8.6,1769925095909,1
180410868,19.714,1.5,1769925095909,1
180410869,19.713,11.1,1769925095909,1
180410870,19.712,3.0,1769925095909,1
180410871,19.711,18.1,1769925095909,1
180410872,19.71,3.7,1769925095909,1
180410873,19.709,23.1,1769925095909,1
180410874,19.708,6.4,1769925095909,1
180410875,19.707,20.1,1769925095909,1
180410876,19.706,6.6,1769925095909,1
180410877,19.705,9.5,1769925095909,1
180410878,19.704,7.3,1769925095909,1
180410879,19.703,2.3,1769925095909,1
180410880,19.702,52.8,1769925095909,1
180410881,19.701,2.7,1769925095909,1
180410882,19.7,10.4,1769925095909,1
180410883,19.699,9.0,1769925095909,1
180410884,19.698,18.3,1769925095909,1
180410885,19.697,19.0,1769925095909,1
180410886,19.696,37.7,1769925095909,1
180410887,19.695,24.8,1769925095909,1
180410888,19.694,11.1,1769925095909,1
180410889,19.693,10.8,1769925095909,1
180410890,19.692,13.6,1769925095909,1
180410891,19.691,4.8,1769925095909,1
180410892,19.69,27.0,1769925095909,1
180410893,19.689,33.3,1769925095909,1
180410894,19.688,9.9,1769925095909,1
180410895,19.725,1.0,1769925095911,1
180410896,19.709,1.0,1769925095911,1
180410897,19.708,5.0,1769925095911,1
180410898,19.695,2.4,1769925095911,1
180410899,19.694,12.4,1769925095911,1
180410900,19.693,1.0,1769925095911,1
180410901,19.691,5.1,1769925095911,1
180410902,19.69,2.4,1769925095911,1
180410903,19.688,62.1,1769925095911,1
180410904,19.687,6.0,1769925095911,1
180410905,19.686,11.4,1769925095911,1
180410906,19.685,5.9,1769925095911,1
180410907,19.684,5.3,1769925095911,1
180410908,19.683,2.7,1769925095911,1
180410909,19.682,0.9,1769925095911,1
180410910,19.681,4.4,1769925095911,1
180410911,19.68,24.5,1769925095911,1
180410912,19.679,23.9,1769925095911,1
180410913,19.678,30.1,1769925095911,1
180410914,19.704,1.0,1769925095914,1
180410915,19.695,2.4,1769925095914,1
180410916,19.69,1.5,1769925095920,1
180410917,19.691,0.3,1769925095923,1
180410918,19.692,1.0,1769925095928,0
180410919,19.693,1.6,1769925095928,0
180410920,19.694,0.6,1769925095928,0
180410921,19.698,5.1,1769925095928,0
180410922,19.699,6.5,1769925095928,0
180410923,19.7,8.1,1769925095928,0
180410924,19.701,20.6,1769925095928,0
180410925,19.702,5.9,1769925095928,0
180410926,19.703,10.2,1769925095928,0
180410927,19.704,3.9,1769925095928,0
180410928,19.702,5.1,1769925095939,1
180410929,19.701,6.0,1769925095939,1
180410930,19.703,1.5,1769925095940,0
180410931,19.704,1.0,1769925095940,0
180410932,19.702,2.5,1769925095943,0
180410933,19.703,2.5,1769925095946,1
180410934,19.702,5.1,1769925095948,1
180410935,19.701,6.0,1769925095948,1
180410936,19.7,0.6,1769925095948,1
180410937,19.702,6.0,1769925095949,1
180410938,19.701,6.1,1769925095953,1
180410939,19.699,6.3,1769925095955,1
180410940,19.698,6.6,1769925095955,1
180410941,19.697,12.6,1769925095955,1
180410942,19.696,6.1,1769925095955,1
180410943,19.695,5.2,1769925095955,1
180410944,19.697,0.6,1769925095956,1
180410945,19.696,0.6,1769925095956,1
180410946,19.695,6.0,1769925095956,1
180410947,19.697,6.0,1769925095958,1
180410948,19.696,6.0,1769925095958,1
180410949,19.693,11.1,1769925095958,1
180410950,19.692,10.8,1769925095958,1
180410951,19.689,1.0,1769925095958,1
180410952,19.688,31.2,1769925095958,1
180410953,19.686,13.1,1769925095958,1
180410954,19.69,0.7,1769925095962,1
180410955,19.69,10.9,1769925095962,0
180410956,19.691,2.5,1769925095962,0
180410957,19.695,1.0,1769925095964,0
180410958,19.699,1.2,1769925095964,0
180410959,19.7,0.6,1769925095964,0
180410960,19.701,1.0,1769925095964,0
180410961,19.703,2.1,1769925095964,0
180410962,19.69,1.3,1769925095964,0
180410963,19.691,2.5,1769925095964,0
180410964,19.7,5.1,1769925095968,1
180410965,19.694,12.9,1769925095973,1
180410966,19.692,0.4,1769925095973,1
180410967,19.692,7.1,1769925095976,0
180410968,19.692,4.2,1769925095979,1
180410969,19.69,0.6,1769925095979,1
180410970,19.689,7.0,1769925095979,1
180410971,19.686,15.2,1769925095980,1
180410972,19.692,2.7,1769925095981,0
180410973,19.693,23.3,1769925095981,0
180410974,19.695,6.1,1769925095981,0
180410975,19.696,4.0,1769925095981,0
180410976,19.691,2.2,1769925096017,1
180410977,19.688,2.4,1769925096028,0
180410978,19.691,1.1,1769925096028,0
180410979,19.692,1.6,1769925096028,0
180410980,19.688,4.1,1769925096039,0
180410981,19.689,0.6,1769925096039,0
180410982,19.69,0.6,1769925096039,0
180410983,19.692,5.4,1769925096039,0
180410984,19.693,0.6,1769925096039,0
180410985,19.694,12.2,1769925096039,0
180410986,19.695,18.3,1769925096039,0
180410987,19.696,20.2,1769925096039,0
180410988,19.697,9.3,1769925096039,0
180410989,19.698,6.4,1769925096039,0
180410990,19.699,1.6,1769925096039,0
180410991,19.7,21.1,1769925096039,0
180410992,19.696,1.0,1769925096056,0
180410993,19.701,6.7,1769925096056,0
180410994,19.7,2.4,1769925096082,0
180410995,19.701,11.6,1769925096082,0
180410996,19.702,0.6,1769925096082,0
180410997,19.703,7.2,1769925096082,0
180410998,19.704,25.2,1769925096082,0
180410999,19.705,3.0,1769925096082,0
180411000,19.703,2.4,1769925096094,0
180411001,19.704,8.0,1769925096094,0
180411002,19.705,13.2,1769925096094,0
180411003,19.706,0.6,1769925096094,0
180411004,19.707,0.2,1769925096094,0
180411005,19.705,2.9,1769925096098,0
180411006,19.706,7.3,1769925096098,0
180411007,19.692,3.7,1769925096108,1
180411008,19.696,1.0,1769925096118,1
180411009,19.693,5.6,1769925096118,1
180411010,19.691,0.6,1769925096128,1
180411011,19.692,6.5,1769925096133,0
180411012,19.696,1.0,1769925096136,0
180411013,19.701,0.4,1769925096144,0
180411014,19.702,0.6,1769925096144,0
180411015,19.703,0.6,1769925096156,0
180411016,19.705,0.6,1769925096156,0
180411017,19.706,0.6,1769925096156,0
180411018,19.707,4.9,1769925096156,0
180411019,19.698,10.3,1769925096176,1
180411020,19.704,1.5,1769925096192,0
180411021,19.697,20.2,1769925096194,1
180411022,19.695,0.6,1769925096194,1
180411023,19.694,0.6,1769925096194,1
180411024,19.696,0.6,1769925096197,1
180411025,19.703,30.3,1769925096198,0
180411026,19.704,11.9,1769925096198,0
180411027,19.705,20.0,1769925096198,0
180411028,19.706,3.8,1769925096198,0
180411029,19.693,0.6,1769925096198,1
180411030,19.703,2.1,1769925096213,0
180411031,19.704,3.0,1769925096213,0
180411032,19.694,6.3,1769925096225,1
180411033,19.693,23.9,1769925096225,1
180411034,19.692,18.1,1769925096225,1
180411035,19.701,0.4,1769925096232,0
180411036,19.702,0.5,1769925096232,0
180411037,19.694,1.0,1769925096238,1
180411038,19.692,9.6,1769925096238,1
180411039,19.698,1.9,1769925096258,0
180411040,19.693,1.0,1769925096275,1
180411041,19.692,0.8,1769925096275,1
180411042,19.693,1.7,1769925096280,0
180411043,19.696,1.0,1769925096280,0
180411044,19.697,7.3,1769925096280,0
180411045,19.692,4.6,1769925096286,1
180411046,19.691,5.6,1769925096286,1
180411047,19.69,1.5,1769925096286,1
180411048,19.697,1.0,1769925096293,0
180411049,19.698,51.2,1769925096293,0
180411050,19.69,1.0,1769925096296,1
180411051,19.695,3.0,1769925096298,0
180411052,19.697,1.0,1769925096298,0
180411053,19.698,1.1,1769925096298,0
180411054,19.69,6.6,1769925096299,1
180411055,19.689,1.0,1769925096299,1
180411056,19.688,6.9,1769925096299,1
180411057,19.687,0.6,1769925096299,1
180411058,19.686,10.8,1769925096299,1
180411059,19.685,14.4,1769925096299,1
180411060,19.684,10.5,1769925096299,1
180411061,19.697,0.6,1769925096299,0
180411062,19.698,5.1,1769925096299,0
180411063,19.686,5.0,1769925096310,1
180411064,19.694,3.2,1769925096324,0
180411065,19.695,12.1,1769925096324,0
180411066,19.696,0.6,1769925096324,0
180411067,19.697,0.6,1769925096324,0
180411068,19.698,10.0,1769925096324,0
180411069,19.699,0.6,1769925096324,0
180411070,19.7,22.3,1769925096324,0
180411071,19.701,13.7,1769925096324,0
180411072,19.695,1.0,1769925096326,0
180411073,19.702,0.6,1769925096367,0
180411074,19.703,6.6,1769925096367,0
180411075,19.704,6.0,1769925096367,0
180411076,19.705,9.4,1769925096367,0
180411077,19.706,32.1,1769925096367,0
180411078,19.707,9.0,1769925096380,0
180411079,19.708,0.6,1769925096380,0
180411080,19.709,14.2,1769925096380,0
180411081,19.698,0.7,1769925096388,1
180411082,19.697,3.7,1769925096388,1
180411083,19.696,6.2,1769925096388,1
180411084,19.695,14.3,1769925096388,1
180411085,19.694,14.0,1769925096388,1
180411086,19.707,3.2,1769925096395,0
180411087,19.708,6.8,1769925096395,0
180411088,19.695,5.5,1769925096409,1
180411089,19.694,6.5,1769925096409,1
180411090,19.693,6.4,1769925096410,1
180411091,19.692,8.3,1769925096411,1
180411092,19.691,10.8,1769925096411,1
180411093,19.69,10.8,1769925096411,1
180411094,19.689,1.6,1769925096414,1
180411095,19.688,2.9,1769925096416,1
180411096,19.689,2.6,1769925096416,0
180411097,19.69,4.2,1769925096416,0
180411098,19.693,4.2,1769925096416,0
180411099,19.694,1.8,1769925096416,0
180411100,19.696,0.7,1769925096465,0
180411101,19.697,1.0,1769925096465,0
180411102,19.698,10.6,1769925096465,0
180411103,19.699,6.3,1769925096465,0
180411104,19.7,6.3,1769925096465,0
180411105,19.701,17.4,1769925096465,0
180411106,19.702,45.2,1769925096465,0
180411107,19.703,9.9,1769925096465,0
180411108,19.704,16.1,1769925096470,0
180411109,19.705,28.8,1769925096478,0
180411110,19.706,26.3,1769925096478,0
180411111,19.707,8.8,1769925096478,0
180411112,19.708,8.5,1769925096478,0
180411113,19.709,7.1,1769925096478,0
180411114,19.71,5.8,1769925096478,0
180411115,19.711,0.6,1769925096478,0
180411116,19.712,1.5,1769925096478,0
180411117,19.713,6.4,1769925096478,0
180411118,19.696,2.6,1769925096482,1
180411119,19.701,1.3,1769925096488,1
180411120,19.7,0.6,1769925096553,1
180411121,19.699,0.6,1769925096553,1
180411122,19.698,5.0,1769925096553,1
180411123,19.696,5.0,1769925096553,1
180411124,19.695,5.1,1769925096553,1
180411125,19.694,3.0,1769925096553,1
180411126,19.693,6.0,1769925096553,1
180411127,19.705,6.0,1769925096569,0
180411128,19.706,3.6,1769925096569,0
180411129,19.707,0.6,1769925096569,0
180411130,19.708,8.1,1769925096569,0
180411131,19.709,0.6,1769925096569,0
180411132,19.71,1.0,1769925096569,0
180411133,19.711,0.6,1769925096569,0
180411134,19.712,15.9,1769925096569,0
180411135,19.713,27.2,1769925096569,0
180411136,19.714,0.6,1769925096569,0
180411137,19.715,19.2,1769925096569,0
180411138,19.716,8.5,1769925096569,0
180411139,19.717,2.5,1769925096569,0
180411140,19.718,20.5,1769925096569,0
180411141,19.719,0.6,1769925096569,0
180411142,19.72,3.0,1769925096569,0
180411143,19.721,21.3,1769925096569,0
180411144,19.722,1.7,1769925096569,0
180411145,19.723,5.6,1769925096569,0
180411146,19.724,24.0,1769925096569,0
180411147,19.725,8.3,1769925096569,0
180411148,19.726,3.7,1769925096569,0
180411149,19.727,25.3,1769925096569,0
180411150,19.728,0.9,1769925096569,0
180411151,19.729,5.6,1769925096569,0
180411152,19.73,7.0,1769925096569,0
180411153,19.731,23.3,1769925096569,0
180411154,19.732,1.8,1769925096571,0
180411155,19.733,9.5,1769925096571,0
180411156,19.734,3.4,1769925096571,0
180411157,19.735,0.2,1769925096572,0
180411158,19.736,3.3,1769925096572,0
180411159,19.737,0.9,1769925096572,0
180411160,19.738,0.6,1769925096572,0
180411161,19.739,5.8,1769925096572,0
180411162,19.738,1.3,1769925096572,0
180411163,19.74,5.4,1769925096572,0
180411164,19.741,1.3,1769925096572,0
180411165,19.739,1.3,1769925096575,0
180411166,19.741,16.4,1769925096575,0
180411167,19.742,4.4,1769925096586,0
180411168,19.741,8.0,1769925096608,1
180411169,19.74,0.6,1769925096611,1
180411170,19.739,0.6,1769925096611,1
180411171,19.736,0.6,1769925096620,1
180411172,19.738,0.6,1769925096636,0
180411173,19.737,1.0,1769925096648,1
180411174,19.736,0.6,1769925096693,1
180411175,19.735,0.6,1769925096693,1
180411176,19.734,5.6,1769925096693,1
180411177,19.733,11.6,1769925096693,1
180411178,19.732,0.6,1769925096736,1
180411179,19.731,4.9,1769925096736,1
180411180,19.73,3.6,1769925096736,1
180411181,19.729,5.0,1769925096736,1
180411182,19.728,0.6,1769925096736,1
180411183,19.727,7.5,1769925096736,1
180411184,19.726,0.6,1769925096736,1
180411185,19.725,9.1,1769925096736,1
180411186,19.724,23.5,1769925096736,1
180411187,19.723,34.5,1769925096736,1
180411188,19.722,5.6,1769925096736,1
180411189,19.721,30.1,1769925096736,1
180411190,19.72,25.4,1769925096737,1
180411191,19.728,1.0,1769925096738,1
180411192,19.726,0.6,1769925096738,1
180411193,19.729,4.4,1769925096738,1
180411194,19.727,0.6,1769925096738,1
180411195,19.718,1.9,1769925096738,1
180411196,19.716,23.1,1769925096738,1
180411197,19.715,1.3,1769925096738,1
180411198,19.714,6.0,1769925096738,1
180411199,19.713,17.5,1769925096738,1
180411200,19.71,26.4,1769925096738,1
180411201,19.709,1.0,1769925096738,1
180411202,19.709,27.8,1769925096738,0
180411203,19.718,1.0,1769925096740,1
180411204,19.707,0.9,1769925096740,1
180411205,19.707,50.7,1769925096740,0
180411206,19.708,15.2,1769925096740,1
180411207,19.718,0.4,1769925096746,0
180411208,19.722,4.2,1769925096750,0
180411209,19.721,4.2,1769925096758,1
180411210,19.722,52.0,1769925096773,0
180411211,19.72,5.0,1769925096781,1
180411212,19.719,4.6,1769925096781,1
180411213,19.718,4.8,1769925096783,1
180411214,19.719,4.4,1769925096784,1
180411215,19.717,11.4,1769925096784,1
180411216,19.716,0.6,1769925096801,1
180411217,19.715,0.6,1769925096801,1
180411218,19.714,1.6,1769925096801,1
180411219,19.713,41.1,1769925096801,1
180411220,19.712,1.6,1769925096803,1
180411221,19.71,9.4,1769925096803,1
180411222,19.709,0.6,1769925096826,1
180411223,19.708,0.6,1769925096826,1
180411224,19.706,3.1,1769925096826,1
180411225,19.71,1.0,1769925096866,0
180411226,19.711,0.6,1769925096866,0
180411227,19.712,0.6,1769925096867,0
180411228,19.713,4.4,1769925096867,0
180411229,19.711,1.0,1769925096868,0
180411230,19.714,1.9,1769925096869,0
180411231,19.715,0.6,1769925096871,0
180411232,19.716,0.6,1769925096873,0
180411233,19.717,0.6,1769925096873,0
180411234,19.718,1.3,1769925096873,0
180411235,19.719,0.3,1769925096875,0
180411236,19.72,3.9,1769925096875,0
180411237,19.721,0.9,1769925096880,0
180411238,19.722,8.7,1769925096880,0
180411239,19.723,1.7,1769925096883,0
180411240,19.724,1.0,1769925096883,0
180411241,19.725,0.6,1769925096884,0
180411242,19.726,0.6,1769925096886,0
180411243,19.727,2.0,1769925096886,0
180411244,19.728,0.9,1769925096886,0
180411245,19.729,0.6,1769925096886,0
180411246,19.723,3.5,1769925096888,1
180411247,19.726,1.0,1769925096889,0
180411248,19.736,1.7,1769925096889,0
180411249,19.737,2.6,1769925096889,0
180411250,19.726,6.9,1769925096889,0
180411251,19.729,1.6,1769925096891,0
180411252,19.734,12.0,1769925096911,0
180411253,19.735,6.6,1769925096911,0
180411254,19.738,24.8,1769925096911,0
180411255,19.739,0.6,1769925096911,0
180411256,19.74,12.2,1769925096911,0
180411257,19.741,0.6,1769925096911,0
180411258,19.742,6.6,1769925096911,0
180411259,19.743,76.7,1769925096911,0
180411260,19.744,26.9,1769925096911,0
180411261,19.745,9.2,1769925096911,0
180411262,19.746,8.6,1769925096911,0
180411263,19.747,31.2,1769925096911,0
180411264,19.748,7.7,1769925096911,0
180411265,19.749,126.3,1769925096911,0
180411266,19.742,0.3,1769925096913,0
180411267,19.744,1.0,1769925096913,0
180411268,19.75,100.0,1769925096914,0
180411269,19.746,1.0,1769925096916,0
180411270,19.75,41.5,1769925096916,0
180411271,19.749,1.5,1769925096917,0
180411272,19.747,1.0,1769925096918,0
180411273,19.749,0.9,1769925096918,0
180411274,19.751,3.2,1769925096919,0
180411275,19.752,1.5,1769925096919,0
180411276,19.754,1.6,1769925096919,0
180411277,19.755,5.1,1769925096919,0
180411278,19.756,0.9,1769925096919,0
180411279,19.743,5.0,1769925096920,1
180411280,19.754,4.0,1769925096922,0
180411281,19.757,0.3,1769925096923,0
180411282,19.758,1.2,1769925096923,0
180411283,19.76,4.5,1769925096923,0
180411284,19.761,5.6,1769925096923,0
180411285,19.762,1.8,1769925096923,0
180411286,19.763,1.5,1769925096923,0
180411287,19.764,0.9,1769925096923,0
180411288,19.765,0.7,1769925096923,0
180411289,19.766,1.8,1769925096923,0
180411290,19.767,13.6,1769925096923,0
180411291,19.761,1.9,1769925096925,0
180411292,19.762,1.5,1769925096941,0
180411293,19.764,0.9,1769925096941,0
180411294,19.761,3.3,1769925096943,0
180411295,19.76,1.3,1769925096943,1
180411296,19.761,1.8,1769925096946,0
180411297,19.762,0.6,1769925096946,0
180411298,19.763,1.6,1769925096946,0
180411299,19.765,5.1,1769925096946,0
180411300,19.766,2.6,1769925096946,0
180411301,19.768,0.9,1769925096946,0
180411302,19.769,1.4,1769925096946,0
180411303,19.77,0.9,1769925096946,0
180411304,19.771,5.1,1769925096946,0
180411305,19.772,15.7,1769925096946,0
180411306,19.774,6.7,1769925096946,0
180411307,19.775,30.1,1769925096946,0
180411308,19.761,3.3,1769925096948,0
180411309,19.764,0.9,1769925096948,0
180411310,19.765,23.3,1769925096948,0
180411311,19.766,0.9,1769925096948,0
180411312,19.769,5.1,1769925096948,0
180411313,19.771,19.1,1769925096948,0
180411314,19.773,23.3,1769925096949,0
180411315,19.775,9.1,1769925096949,0
180411316,19.77,6.6,1769925096950,0
180411317,19.774,23.3,1769925096952,0
180411318,19.772,0.4,1769925096959,0
180411319,19.774,0.9,1769925096959,0
180411320,19.776,0.3,1769925096963,0
180411321,19.778,6.6,1769925097011,0
180411322,19.779,4.0,1769925097011,0
180411323,19.78,1.5,1769925097012,0
180411324,19.781,0.9,1769925097012,0
180411325,19.782,0.9,1769925097012,0
180411326,19.783,20.9,1769925097012,0
180411327,19.784,11.5,1769925097012,0
180411328,19.775,0.8,1769925097013,1
180411329,19.785,0.3,1769925097013,0
180411330,19.777,5.0,1769925097017,1
180411331,19.776,3.0,1769925097017,1
180411332,19.775,12.6,1769925097017,1
180411333,19.774,0.6,1769925097017,1
180411334,19.772,7.1,1769925097018,1
180411335,19.771,0.6,1769925097018,1
180411336,19.77,9.5,1769925097018,1
180411337,19.778,4.9,1769925097018,1
180411338,19.77,10.0,1769925097018,1
180411339,19.769,11.8,1769925097018,1
180411340,19.772,0.4,1769925097020,1
180411341,19.771,4.3,1769925097026,0
180411342,19.772,4.2,1769925097027,0
180411343,19.773,0.6,1769925097027,0
180411344,19.774,1.5,1769925097028,0
180411345,19.776,0.9,1769925097028,0
180411346,19.777,1.0,1769925097028,0
180411347,19.778,0.9,1769925097028,0
180411348,19.78,0.9,1769925097028,0
180411349,19.781,0.4,1769925097028,0
180411350,19.782,11.1,1769925097028,0
180411351,19.784,1.3,1769925097029,0
180411352,19.785,3.7,1769925097029,0
180411353,19.779,0.5,1769925097030,1
180411354,19.781,1.5,1769925097031,1
180411355,19.783,2.0,1769925097056,1
180411356,19.786,0.6,1769925097057,0
180411357,19.787,0.6,1769925097057,0
180411358,19.788,5.1,1769925097057,0
180411359,19.79,9.5,1769925097057,0
180411360,19.791,3.9,1769925097057,0
180411361,19.788,4.8,1769925097059,1
180411362,19.787,0.2,1769925097059,1
180411363,19.792,4.5,1769925097060,0
180411364,19.793,13.1,1769925097060,0
180411365,19.794,4.4,1769925097060,0
180411366,19.795,2.5,1769925097060,0
180411367,19.796,0.9,1769925097060,0
180411368,19.797,0.6,1769925097060,0
180411369,19.798,7.4,1769925097060,0
180411370,19.8,6.6,1769925097060,0
180411371,19.795,1.0,1769925097062,0
180411372,19.8,37.4,1769925097063,0
180411373,19.794,3.0,1769925097071,1
180411374,19.795,1.0,1769925097072,0
180411375,19.8,18.0,1769925097072,0
180411376,19.799,1.0,1769925097119,1
180411377,19.796,0.6,1769925097124,1
180411378,19.795,0.2,1769925097124,1
180411379,19.8,140.0,1769925097157,0
180411380,19.801,0.6,1769925097193,0
180411381,19.802,2.4,1769925097193,0
180411382,19.803,1.1,1769925097193,0
180411383,19.804,1.5,1769925097194,0
180411384,19.805,0.9,1769925097194,0
180411385,19.806,1.5,1769925097194,0
180411386,19.807,6.3,1769925097194,0
180411387,19.808,2.5,1769925097194,0
180411388,19.809,0.6,1769925097194,0
180411389,19.81,7.9,1769925097194,0
180411390,19.811,9.9,1769925097194,0
180411391,19.812,1.8,1769925097206,0
180411392,19.813,0.4,1769925097206,0
180411393,19.814,0.9,1769925097206,0
180411394,19.815,0.2,1769925097206,0
180411395,19.801,10.9,1769925097212,1
180411396,19.8,0.6,1769925097212,1
180411397,19.799,12.4,1769925097212,1
180411398,19.798,1.0,1769925097212,1
180411399,19.797,8.4,1769925097212,1
180411400,19.796,10.7,1769925097212,1
180411401,19.795,25.8,1769925097212,1
180411402,19.794,0.6,1769925097212,1
180411403,19.793,3.9,1769925097212,1
180411404,19.792,3.8,1769925097212,1
180411405,19.804,1.0,1769925097217,1
180411406,19.794,0.9,1769925097221,1
180411407,19.793,9.2,1769925097221,1
180411408,19.797,2.4,1769925097221,0
180411409,19.791,0.6,1769925097224,1
180411410,19.79,14.4,1769925097224,1
180411411,19.793,2.4,1769925097228,1
180411412,19.792,0.6,1769925097228,1
180411413,19.79,0.6,1769925097228,1
180411414,19.789,0.4,1769925097228,1
180411415,19.787,0.6,1769925097234,1
180411416,19.786,0.9,1769925097234,1
180411417,19.784,1.9,1769925097234,1
180411418,19.782,1.7,1769925097247,1
180411419,19.783,6.1,1769925097250,1
180411420,19.782,15.8,1769925097250,1
180411421,19.781,7.7,1769925097250,1
180411422,19.78,21.7,1769925097251,0
180411423,19.783,1.0,1769925097253,1
180411424,19.784,1.6,1769925097264,0
180411425,19.785,0.6,1769925097266,0
180411426,19.786,0.6,1769925097266,0
180411427,19.787,74.0,1769925097266,0
180411428,19.788,0.9,1769925097266,0
180411429,19.789,8.2,1769925097266,0
180411430,19.79,3.9,1769925097266,0
180411431,19.791,4.9,1769925097266,0
180411432,19.785,5.0,1769925097275,1
180411433,19.784,5.0,1769925097275,1
180411434,19.781,1.0,1769925097275,1
180411435,19.78,1.6,1769925097275,1
180411436,19.779,0.6,1769925097275,1
180411437,19.778,0.6,1769925097275,1
180411438,19.777,10.1,1769925097275,1
180411439,19.776,9.6,1769925097275,1
180411440,19.774,59.0,1769925097275,1
180411441,19.773,23.1,1769925097275,1
180411442,19.772,10.1,1769925097275,1
180411443,19.771,5.0,1769925097275,1
180411444,19.77,22.0,1769925097275,1
180411445,19.769,3.3,1769925097275,1
180411446,19.786,1.0,1769925097277,1
180411447,19.777,0.6,1769925097278,1
180411448,19.776,0.6,1769925097278,1
180411449,19.775,3.0,1769925097278,1
180411450,19.771,1.2,1769925097278,1
180411451,19.77,33.7,1769925097278,1
180411452,19.769,34.7,1769925097278,1
180411453,19.768,6.4,1769925097278,1
180411454,19.782,1.0,1769925097283,1
180411455,19.779,7.1,1769925097283,1
180411456,19.782,3.0,1769925097285,1
180411457,19.776,4.5,1769925097292,1
180411458,19.774,4.6,1769925097313,0
180411459,19.778,8.8,1769925097313,0
180411460,19.781,5.7,1769925097313,0
180411461,19.782,9.5,1769925097313,0
180411462,19.774,3.0,1769925097315,0
180411463,19.776,5.0,1769925097319,1
180411464,19.78,1.2,1769925097326,0
180411465,19.781,0.6,1769925097337,0
180411466,19.782,1.5,1769925097337,0
180411467,19.783,1.2,1769925097337,0
180411468,19.78,1.0,1769925097352,1
180411469,19.778,0.9,1769925097352,1
180411470,19.776,0.9,1769925097352,1
180411471,19.774,2.3,1769925097352,1
180411472,19.773,0.6,1769925097359,1
180411473,19.772,8.0,1769925097359,1
180411474,19.771,0.6,1769925097407,1
180411475,19.77,0.6,1769925097410,1
180411476,19.769,0.6,1769925097416,1
180411477,19.768,2.1,1769925097416,1
180411478,19.767,1.5,1769925097416,1
180411479,19.766,4.9,1769925097417,1
180411480,19.765,1.2,1769925097417,1
180411481,19.764,2.8,1769925097417,1
180411482,19.763,1.3,1769925097417,1
180411483,19.762,1.2,1769925097418,1
180411484,19.76,2.3,1769925097418,1
180411485,19.759,0.6,1769925097424,1
180411486,19.758,1.5,1769925097424,1
180411487,19.757,0.6,1769925097424,1
180411488,19.756,1.5,1769925097424,1
180411489,19.755,0.4,1769925097425,1
180411490,19.761,3.6,1769925097426,0
180411491,19.763,2.4,1769925097426,0
180411492,19.761,6.3,1769925097428,0
180411493,19.763,3.0,1769925097428,0
180411494,19.767,0.5,1769925097428,0
180411495,19.755,5.6,1769925097439,1
180411496,19.754,6.6,1769925097439,1
180411497,19.753,0.6,1769925097439,1
180411498,19.752,5.7,1769925097439,1
180411499,19.751,0.3,1769925097439,1
180411500,19.75,5.6,1769925097439,1
180411501,19.749,4.9,1769925097439,1
180411502,19.748,2.9,1769925097439,1
180411503,19.747,7.5,1769925097439,1
180411504,19.76,2.5,1769925097460,0
180411505,19.761,1.0,1769925097460,0
180411506,19.763,45.7,1769925097460,0
180411507,19.759,0.3,1769925097491,1
180411508,19.758,0.6,1769925097491,1
180411509,19.757,0.6,1769925097491,1
180411510,19.756,0.9,1769925097491,1
180411511,19.755,20.2,1769925097491,1
180411512,19.754,1.9,1769925097491,1
180411513,19.758,3.8,1769925097492,1
180411514,19.753,0.6,1769925097492,1
180411515,19.752,2.5,1769925097492,1
180411516,19.751,0.6,1769925097492,1
180411517,19.75,2.1,1769925097492,1
180411518,19.761,0.8,1769925097497,0
180411519,19.753,1.0,1769925097501,1
180411520,19.751,1.0,1769925097503,1
180411521,19.749,7.6,1769925097503,1
180411522,19.748,17.2,1769925097503,1
180411523,19.75,1.0,1769925097542,1
180411524,19.748,0.3,1769925097542,1
180411525,19.756,11.0,1769925097549,0
180411526,19.758,3.9,1769925097549,0
180411527,19.759,11.6,1769925097549,0
180411528,19.756,0.7,1769925097558,0
180411529,19.748,1.0,1769925097586,1
180411530,19.747,0.9,1769925097586,1
180411531,19.746,1.5,1769925097586,1
180411532,19.745,1.0,1769925097586,1
180411533,19.744,6.2,1769925097586,1
180411534,19.743,1.8,1769925097587,1
180411535,19.742,15.3,1769925097587,1
180411536,19.747,1.0,1769925097588,1
180411537,19.739,1.6,1769925097590,1
180411538,19.743,3.0,1769925097591,0
180411539,19.738,0.9,1769925097592,1
180411540,19.737,40.4,1769925097592,1
180411541,19.736,6.3,1769925097592,1
180411542,19.735,4.5,1769925097592,1
180411543,19.734,0.9,1769925097592,1
180411544,19.733,24.9,1769925097592,1
180411545,19.74,2.1,1769925097601,0
180411546,19.741,1.0,1769925097601,0
180411547,19.732,4.2,1769925097604,1
180411548,19.741,3.8,1769925097638,0
180411549,19.742,0.6,1769925097638,0
180411550,19.743,6.7,1769925097640,0
180411551,19.744,1.5,1769925097645,0
180411552,19.745,1.0,1769925097645,0
180411553,19.746,0.9,1769925097645,0
180411554,19.747,0.3,1769925097645,0
180411555,19.748,1.9,1769925097645,0
180411556,19.749,0.6,1769925097645,0
180411557,19.75,3.9,1769925097645,0
180411558,19.751,22.7,1769925097645,0
180411559,19.743,68.1,1769925097647,0
180411560,19.75,0.3,1769925097656,0
180411561,19.751,0.3,1769925097656,0
180411562,19.753,5.1,1769925097657,0
180411563,19.754,0.4,1769925097658,0
180411564,19.755,23.1,1769925097658,0
180411565,19.756,0.6,1769925097668,0
180411566,19.757,0.6,1769925097668,0
180411567,19.758,1.5,1769925097668,0
180411568,19.759,26.0,1769925097668,0
180411569,19.76,9.7,1769925097668,0
180411570,19.761,4.0,1769925097668,0
180411571,19.755,4.2,1769925097669,1
180411572,19.754,4.2,1769925097669,1
180411573,19.753,5.5,1769925097669,1
180411574,19.752,7.2,1769925097669,1
180411575,19.747,7.9,1769925097669,1
180411576,19.745,10.5,1769925097669,1
180411577,19.743,11.3,1769925097669,1
180411578,19.742,30.8,1769925097669,1
180411579,19.741,41.3,1769925097669,1
180411580,19.74,4.5,1769925097669,1
180411581,19.739,26.4,1769925097669,1
180411582,19.738,23.1,1769925097669,1
180411583,19.754,0.6,1769925097672,1
180411584,19.748,1.4,1769925097674,1
180411585,19.749,3.0,1769925097719,1
180411586,19.75,6.8,1769925097720,0
180411587,19.751,0.6,1769925097721,0
180411588,19.752,0.6,1769925097736,0
180411589,19.753,0.6,1769925097736,0
180411590,19.754,1.0,1769925097736,0
180411591,19.755,5.1,1769925097736,0
180411592,19.759,1.0,1769925097736,0
180411593,19.76,8.8,1769925097736,0
180411594,19.761,22.6,1769925097736,0
180411595,19.762,5.4,1769925097736,0
180411596,19.763,1.0,1769925097736,0
180411597,19.764,20.6,1769925097736,0
180411598,19.765,9.0,1769925097736,0
180411599,19.766,2.5,1769925097736,0
180411600,19.767,34.2,1769925097736,0
180411601,19.768,3.9,1769925097737,0
180411602,19.766,2.4,1769925097740,1
180411603,19.764,2.4,1769925097740,1
180411604,19.763,1.0,1769925097746,1
180411605,19.762,2.4,1769925097747,1
180411606,19.754,1.0,1769925097761,1
180411607,19.753,0.6,1769925097764,1
180411608,19.752,15.7,1769925097765,1
180411609,19.75,1.5,1769925097765,1
180411610,19.758,33.1,1769925097775,0
180411611,19.759,1.0,1769925097775,0
180411612,19.76,0.6,1769925097775,0
180411613,19.761,8.4,1769925097775,0
180411614,19.763,41.0,1769925097775,0
180411615,19.764,7.7,1769925097775,0
180411616,19.765,5.1,1769925097775,0
180411617,19.766,46.6,1769925097775,0
180411618,19.767,49.7,1769925097775,0
180411619,19.768,1.2,1769925097775,0
180411620,19.75,11.3,1769925097779,1
180411621,19.754,0.4,1769925097786,1
180411622,19.752,0.9,1769925097788,1
180411623,19.751,0.6,1769925097790,1
180411624,19.75,1.5,1769925097790,1
180411625,19.749,0.6,1769925097805,1
180411626,19.748,1.9,1769925097807,1
180411627,19.747,0.9,1769925097810,1
180411628,19.746,17.4,1769925097810,1
180411629,19.745,1.3,1769925097812,1
180411630,19.744,0.6,1769925097814,1
180411631,19.745,2.5,1769925097818,0
180411632,19.743,2.8,1769925097819,1
180411633,19.745,6.7,1769925097825,0
180411634,19.746,0.6,1769925097825,0
180411635,19.747,7.1,1769925097825,0
180411636,19.749,2.3,1769925097826,0
180411637,19.744,0.6,1769925097838,1
180411638,19.752,0.3,1769925097853,0
180411639,19.744,0.4,1769925097854,1
180411640,19.743,1.0,1769925097876,1
180411641,19.742,12.2,1769925097876,1
180411642,19.741,0.6,1769925097876,1
180411643,19.74,9.4,1769925097876,1
180411644,19.739,8.4,1769925097877,1
180411645,19.738,19.2,1769925097877,1
180411646,19.742,4.2,1769925097879,0
180411647,19.741,3.8,1769925097882,1
180411648,19.737,4.9,1769925097891,1
180411649,19.736,5.2,1769925097891,1
180411650,19.735,4.9,1769925097891,1
180411651,19.734,6.1,1769925097892,1
180411652,19.733,4.9,1769925097892,1
180411653,19.732,3.3,1769925097892,1
180411654,19.734,1.7,1769925097894,1
180411655,19.738,2.1,1769925097897,0
180411656,19.731,2.9,1769925097920,1
180411657,19.735,4.7,1769925097944,0
180411658,19.736,5.5,1769925097944,0
180411659,19.737,16.2,1769925097944,0
180411660,19.738,1.6,1769925097944,0
180411661,19.739,6.9,1769925097945,0
180411662,19.74,4.7,1769925097945,0
180411663,19.741,0.6,1769925097945,0
180411664,19.742,6.3,1769925097945,0
180411665,19.743,22.9,1769925097945,0
180411666,19.744,12.8,1769925097945,0
180411667,19.745,8.2,1769925097945,0
180411668,19.746,14.5,1769925097945,0
180411669,19.736,0.4,1769925097949,0
180411670,19.735,1.2,1769925098002,1
180411671,19.732,1.7,1769925098002,1
180411672,19.731,0.6,1769925098002,1
180411673,19.73,2.0,1769925098004,1
180411674,19.729,4.4,1769925098004,1
180411675,19.731,1.9,1769925098009,1
180411676,19.733,3.0,1769925098009,0
180411677,19.734,17.2,1769925098009,0
180411678,19.732,11.0,1769925098011,1
180411679,19.731,2.1,1769925098036,0
180411680,19.732,3.0,1769925098044,0
180411681,19.731,1.0,1769925098084,1
180411682,19.733,0.6,1769925098110,0
180411683,19.733,4.8,1769925098119,1
180411684,19.735,0.6,1769925098138,0
180411685,19.736,4.7,1769925098138,0
180411686,19.735,1.0,1769925098141,0
180411687,19.736,48.3,1769925098141,0
180411688,19.737,0.6,1769925098142,0
180411689,19.738,0.6,1769925098143,0
180411690,19.738,2.4,1769925098164,1
