trade_id,price,qty,timestamp,is_buyer_maker
180961245,16.112,8.6,1769929759729,0
180961246,16.113,0.5,1769929759729,0
180961247,16.114,80.5,1769929759729,0
180961248,16.115,13.0,1769929759729,0
180961249,16.116,31.2,1769929759729,0
180961250,16.117,49.1,1769929759729,0
180961251,16.118,103.4,1769929759729,0
180961252,16.12,76.8,1769929759729,0
180961253,16.121,0.7,1769929759729,0
180961254,16.122,2.3,1769929759729,0
180961255,16.123,8.0,1769929759729,0
180961256,16.124,13.7,1769929759729,0
180961257,16.125,53.8,1769929759729,0
180961258,16.126,108.6,1769929759729,0
180961259,16.127,35.4,1769929759729,0
180961260,16.129,44.9,1769929759729,0
180961261,16.13,4.1,1769929759729,0
180961262,16.131,37.1,1769929759729,0
180961263,16.132,34.4,1769929759729,0
180961264,16.133,121.7,1769929759729,0
180961265,16.134,0.9,1769929759729,0
180961266,16.135,2.7,1769929759729,0
180961267,16.136,0.4,1769929759729,0
180961268,16.138,30.7,1769929759729,0
180961269,16.139,103.7,1769929759729,0
180961270,16.14,104.0,1769929759729,0
180961271,16.141,25.2,1769929759729,0
180961272,16.142,0.8,1769929759729,0
180961273,16.143,1.2,1769929759729,0
180961274,16.144,31.5,1769929759729,0
180961275,16.146,20.5,1769929759729,0
180961276,16.053,1.4,1769929759730,1
180961277,16.079,38.7,1769929759731,0
180961278,16.073,1.4,1769929759731,1
180961279,16.079,5.8,1769929759731,0
180961280,16.096,1.2,1769929759732,0
180961281,16.109,1.2,1769929759732,0
180961282,16.117,20.8,1769929759732,0
180961283,16.111,28.5,1769929759732,0
180961284,16.117,7.7,1769929759732,0
180961285,16.12,28.5,1769929759732,0
180961286,16.122,2.6,1769929759732,0
180961287,16.108,3.3,1769929759732,0
180961288,16.107,2.1,1769929759732,1
180961289,16.114,28.5,1769929759733,0
180961290,16.115,1.0,1769929759733,0
180961291,16.113,0.5,1769929759734,1
180961292,16.104,0.5,1769929759734,1
180961293,16.098,28.5,1769929759734,1
180961294,16.109,4.5,1769929759735,1
180961295,16.104,11.5,1769929759735,1
180961296,16.111,19.9,1769929759735,0
180961297,16.11,4.6,1769929759737,1
180961298,16.108,24.0,1769929759737,1
180961299,16.107,0.8,1769929759741,1
180961300,16.106,1.2,1769929759741,1
180961301,16.105,5.2,1769929759741,1
180961302,16.103,4.2,1769929759745,1
180961303,16.102,1.7,1769929759747,1
180961304,16.098,26.3,1769929759747,1
180961305,16.104,4.6,1769929759747,0
180961306,16.101,0.7,1769929759755,1
180961307,16.097,12.4,1769929759755,1
180961308,16.095,16.6,1769929759760,1
180961309,16.094,15.8,1769929759760,1
180961310,16.092,2.1,1769929759760,1
180961311,16.09,1.2,1769929759760,1
180961312,16.089,43.6,1769929759760,1
180961313,16.088,1.3,1769929759760,1
180961314,16.086,38.8,1769929759760,1
180961315,16.085,28.5,1769929759760,1
180961316,16.083,3.0,1769929759760,1
180961317,16.086,4.0,1769929759763,1
180961318,16.083,5.4,1769929759763,1
180961319,16.082,21.9,1769929759763,1
180961320,16.081,0.7,1769929759763,1
180961321,16.08,48.9,1769929759763,1
180961322,16.091,1.2,1769929759765,1
180961323,16.087,12.4,1769929759765,1
180961324,16.081,12.4,1769929759766,1
180961325,16.08,35.3,1769929759766,1
180961326,16.079,15.9,1769929759766,1
180961327,16.089,4.5,1769929759771,0
180961328,16.091,26.3,1769929759772,0
180961329,16.092,2.1,1769929759773,0
180961330,16.093,1.2,1769929759773,0
180961331,16.094,16.5,1769929759775,0
180961332,16.095,1.2,1769929759775,0
180961333,16.1,28.7,1769929759775,0
180961334,16.101,24.8,1769929759775,0
180961335,16.102,25.8,1769929759775,0
180961336,16.103,6.2,1769929759775,0
180961337,16.104,29.9,1769929759775,0
180961338,16.105,26.8,1769929759775,0
180961339,16.106,5.1,1769929759775,0
180961340,16.107,0.7,1769929759775,0
180961341,16.108,0.7,1769929759775,0
180961342,16.112,7.4,1769929759775,0
180961343,16.113,47.5,1769929759775,0
180961344,16.114,90.8,1769929759775,0
180961345,16.115,10.3,1769929759775,0
180961346,16.117,58.3,1769929759775,0
180961347,16.118,32.6,1769929759775,0
180961348,16.121,16.9,1769929759775,0
180961349,16.122,17.2,1769929759775,0
180961350,16.124,38.0,1769929759775,0
180961351,16.127,34.2,1769929759778,0
180961352,16.13,28.4,1769929759778,0
180961353,16.131,27.4,1769929759778,0
180961354,16.133,16.1,1769929759778,0
180961355,16.134,22.5,1769929759778,0
180961356,16.135,1.2,1769929759778,0
180961357,16.137,23.7,1769929759778,0
180961358,16.123,24.9,1769929759779,1
180961359,16.124,1.2,1769929759780,1
180961360,16.123,6.2,1769929759781,0
180961361,16.124,2.5,1769929759781,0
180961362,16.125,5.1,1769929759781,0
180961363,16.126,10.2,1769929759781,0
180961364,16.123,20.2,1769929759783,0
180961365,16.122,0.5,1769929759788,1
180961366,16.121,0.7,1769929759788,1
180961367,16.12,1.9,1769929759788,1
180961368,16.113,0.5,1769929759788,1
180961369,16.114,6.5,1769929759790,1
180961370,16.112,2.6,1769929759790,1
180961371,16.114,1.2,1769929759797,0
180961372,16.12,8.7,1769929759797,0
180961373,16.122,1.1,1769929759797,0
180961374,16.113,2.4,1769929759799,1
180961375,16.117,1.2,1769929759799,0
180961376,16.118,15.9,1769929759799,0
180961377,16.117,102.3,1769929759801,1
180961378,16.114,43.5,1769929759801,1
180961379,16.112,0.7,1769929759801,1
180961380,16.111,52.4,1769929759801,1
180961381,16.11,102.3,1769929759801,1
180961382,16.115,0.7,1769929759803,0
180961383,16.114,18.6,1769929759803,1
180961384,16.111,12.4,1769929759804,1
180961385,16.108,2.1,1769929759804,1
180961386,16.106,44.9,1769929759804,1
180961387,16.105,15.5,1769929759804,1
180961388,16.104,0.5,1769929759805,1
180961389,16.103,28.1,1769929759805,1
180961390,16.113,42.8,1769929759806,1
180961391,16.114,13.0,1769929759807,0
180961392,16.113,16.3,1769929759807,1
180961393,16.11,43.1,1769929759808,1
180961394,16.114,6.1,1769929759808,0
180961395,16.115,6.9,1769929759808,0
180961396,16.11,6.2,1769929759808,1
180961397,16.103,75.7,1769929759809,1
180961398,16.102,135.0,1769929759809,1
180961399,16.103,1.2,1769929759812,1
180961400,16.102,0.7,1769929759812,1
180961401,16.101,0.7,1769929759812,1
180961402,16.099,11.5,1769929759812,1
180961403,16.1,16.6,1769929759817,1
180961404,16.098,3.3,1769929759818,1
180961405,16.097,17.4,1769929759818,1
180961406,16.096,62.9,1769929759818,1
180961407,16.1,17.8,1769929759825,0
180961408,16.101,0.7,1769929759825,0
180961409,16.102,5.0,1769929759831,0
180961410,16.097,12.8,1769929759836,1
180961411,16.104,14.4,1769929759842,0
180961412,16.105,35.0,1769929759842,0
180961413,16.106,1.8,1769929759845,0
180961414,16.104,15.2,1769929759867,1
180961415,16.105,2.0,1769929759871,1
180961416,16.101,3.0,1769929759882,1
180961417,16.108,14.7,1769929759890,0
180961418,16.109,5.8,1769929759890,0
180961419,16.11,1.8,1769929759890,0
180961420,16.111,0.7,1769929759890,0
180961421,16.112,18.0,1769929759890,0
180961422,16.113,1.2,1769929759890,0
180961423,16.114,17.4,1769929759890,0
180961424,16.106,4.6,1769929759890,1
180961425,16.114,0.1,1769929759891,0
180961426,16.109,1.2,1769929759892,0
180961427,16.114,9.1,1769929759892,0
180961428,16.115,22.6,1769929759892,0
180961429,16.116,0.4,1769929759892,0
180961430,16.113,6.2,1769929759892,0
180961431,16.114,6.2,1769929759895,0
180961432,16.116,12.1,1769929759895,0
180961433,16.112,1.2,1769929759899,0
180961434,16.115,1.9,1769929759902,0
180961435,16.116,0.7,1769929759902,0
180961436,16.117,0.4,1769929759902,0
180961437,16.118,1.5,1769929759902,0
180961438,16.119,18.6,1769929759902,0
180961439,16.12,7.3,1769929759903,0
180961440,16.121,12.4,1769929759903,0
180961441,16.122,1.1,1769929759903,0
180961442,16.116,1.2,1769929759904,0
180961443,16.124,1.8,1769929759906,0
180961444,16.122,23.2,1769929759908,0
180961445,16.121,59.1,1769929759928,1
180961446,16.12,0.7,1769929759928,1
180961447,16.119,1.2,1769929759928,1
180961448,16.122,7.5,1769929759930,0
180961449,16.117,6.8,1769929759948,1
180961450,16.116,19.9,1769929759948,1
180961451,16.115,1.9,1769929759948,1
180961452,16.114,12.4,1769929759948,1
180961453,16.113,0.5,1769929759948,1
180961454,16.112,18.5,1769929759948,1
180961455,16.117,0.7,1769929759964,1
180961456,16.116,0.7,1769929759980,1
180961457,16.115,1.2,1769929759980,1
180961458,16.113,12.4,1769929759981,1
180961459,16.111,21.5,1769929759981,1
180961460,16.11,4.5,1769929759988,1
180961461,16.116,2.1,1769929759991,0
180961462,16.117,1.2,1769929759991,0
180961463,16.118,6.1,1769929759991,0
180961464,16.11,5.3,1769929759992,1
180961465,16.117,0.6,1769929759999,0
180961466,16.11,3.3,1769929760002,1
180961467,16.109,0.7,1769929760002,1
180961468,16.108,25.5,1769929760002,1
180961469,16.107,0.7,1769929760002,1
180961470,16.106,0.7,1769929760002,1
180961471,16.105,2.9,1769929760002,1
180961472,16.104,0.5,1769929760002,1
180961473,16.103,9.4,1769929760002,1
180961474,16.104,6.2,1769929760007,1
180961475,16.102,0.7,1769929760022,1
180961476,16.101,15.0,1769929760022,1
180961477,16.1,1.5,1769929760024,1
180961478,16.099,13.1,1769929760024,1
180961479,16.098,10.8,1769929760024,1
180961480,16.097,0.7,1769929760024,1
180961481,16.096,34.7,1769929760024,1
180961482,16.1,6.2,1769929760026,1
180961483,16.095,1.2,1769929760026,1
180961484,16.094,1.9,1769929760026,1
180961485,16.093,0.7,1769929760027,1
180961486,16.092,0.7,1769929760027,1
180961487,16.091,1.1,1769929760027,1
180961488,16.09,33.7,1769929760027,1
180961489,16.088,3.1,1769929760027,1
180961490,16.086,82.3,1769929760027,1
180961491,16.085,4.1,1769929760027,1
180961492,16.084,12.9,1769929760027,1
180961493,16.083,8.7,1769929760027,1
180961494,16.088,3.5,1769929760029,1
180961495,16.084,1.2,1769929760034,1
180961496,16.082,7.3,1769929760034,1
180961497,16.08,21.3,1769929760034,1
180961498,16.079,3.4,1769929760034,1
180961499,16.078,1.5,1769929760034,1
180961500,16.077,82.5,1769929760034,1
180961501,16.076,30.9,1769929760034,1
180961502,16.075,1.1,1769929760034,1
180961503,16.074,1.1,1769929760034,1
180961504,16.072,1.1,1769929760034,1
180961505,16.07,94.2,1769929760034,1
180961506,16.068,50.9,1769929760034,1
180961507,16.067,19.7,1769929760034,1
180961508,16.066,2.8,1769929760034,1
180961509,16.065,10.4,1769929760034,1
180961510,16.064,29.6,1769929760034,1
180961511,16.063,46.7,1769929760034,1
180961512,16.06,2.0,1769929760034,1
180961513,16.059,8.0,1769929760034,1
180961514,16.058,60.0,1769929760034,1
180961515,16.057,126.5,1769929760034,1
180961516,16.056,16.2,1769929760034,1
180961517,16.083,1.2,1769929760036,1
180961518,16.071,27.6,1769929760036,1
180961519,16.07,1.2,1769929760036,1
180961520,16.065,3.0,1769929760036,1
180961521,16.064,1.8,1769929760036,1
180961522,16.063,0.7,1769929760036,1
180961523,16.058,28.3,1769929760036,1
180961524,16.056,4.9,1769929760036,1
180961525,16.066,1.0,1769929760037,1
180961526,16.069,1.2,1769929760038,1
180961527,16.066,24.8,1769929760042,1
180961528,16.062,4.2,1769929760042,1
180961529,16.06,41.2,1769929760042,1
180961530,16.058,32.8,1769929760042,1
180961531,16.057,16.8,1769929760042,1
180961532,16.056,21.4,1769929760042,1
180961533,16.072,3.0,1769929760042,0
180961534,16.073,1.2,1769929760042,0
180961535,16.074,2.3,1769929760042,0
180961536,16.077,11.7,1769929760042,0
180961537,16.059,0.5,1769929760043,1
180961538,16.057,12.9,1769929760043,1
180961539,16.077,9.9,1769929760043,0
180961540,16.078,2.0,1769929760043,0
180961541,16.079,3.4,1769929760043,0
180961542,16.068,0.5,1769929760053,1
180961543,16.07,5.1,1769929760055,0
180961544,16.071,11.9,1769929760055,0
180961545,16.071,10.0,1769929760067,1
180961546,16.072,0.5,1769929760072,0
180961547,16.071,6.2,1769929760074,1
180961548,16.07,0.7,1769929760075,1
180961549,16.069,19.3,1769929760075,1
180961550,16.068,27.0,1769929760075,1
180961551,16.067,15.2,1769929760075,1
180961552,16.066,13.4,1769929760077,1
180961553,16.061,18.6,1769929760083,1
180961554,16.06,6.2,1769929760083,1
180961555,16.059,2.3,1769929760083,1
180961556,16.058,24.4,1769929760083,1
180961557,16.056,12.4,1769929760083,1
180961558,16.055,57.2,1769929760083,1
180961559,16.053,7.2,1769929760083,1
180961560,16.052,27.0,1769929760083,1
180961561,16.051,2.3,1769929760083,1
180961562,16.05,4.7,1769929760083,1
180961563,16.049,27.0,1769929760083,1
180961564,16.047,17.0,1769929760083,1
180961565,16.046,29.4,1769929760083,1
180961566,16.045,31.1,1769929760083,1
180961567,16.043,22.1,1769929760083,1
180961568,16.059,9.8,1769929760085,1
180961569,16.057,0.7,1769929760085,1
180961570,16.056,0.7,1769929760085,1
180961571,16.047,4.4,1769929760088,1
180961572,16.054,13.4,1769929760092,0
180961573,16.055,39.6,1769929760096,0
180961574,16.056,0.7,1769929760096,0
180961575,16.057,0.7,1769929760096,0
180961576,16.058,31.8,1769929760096,0
180961577,16.059,60.6,1769929760096,0
180961578,16.06,5.5,1769929760096,0
180961579,16.061,41.2,1769929760096,0
180961580,16.065,46.2,1769929760096,0
180961581,16.05,1.2,1769929760098,0
180961582,16.058,0.7,1769929760102,0
180961583,16.059,18.5,1769929760102,0
180961584,16.063,16.0,1769929760102,0
180961585,16.064,16.9,1769929760102,0
180961586,16.065,61.6,1769929760102,0
180961587,16.055,1.2,1769929760103,0
180961588,16.064,9.1,1769929760103,0
180961589,16.063,11.4,1769929760104,0
180961590,16.06,1.2,1769929760108,0
180961591,16.061,1.2,1769929760110,0
180961592,16.064,28.4,1769929760110,0
180961593,16.065,3.8,1769929760110,0
180961594,16.067,12.4,1769929760114,0
180961595,16.068,0.5,1769929760115,0
180961596,16.07,17.7,1769929760115,0
180961597,16.071,0.7,1769929760117,0
180961598,16.072,16.4,1769929760119,0
180961599,16.073,4.8,1769929760120,0
180961600,16.071,1.9,1769929760120,1
180961601,16.072,9.9,1769929760124,1
180961602,16.071,7.4,1769929760125,1
180961603,16.07,33.0,1769929760125,1
180961604,16.067,23.7,1769929760138,1
180961605,16.066,28.0,1769929760139,1
180961606,16.064,15.1,1769929760139,1
180961607,16.063,18.6,1769929760139,1
180961608,16.062,11.6,1769929760152,1
180961609,16.061,0.7,1769929760152,1
180961610,16.06,15.2,1769929760152,1
180961611,16.067,2.0,1769929760173,0
180961612,16.06,1.6,1769929760176,1
180961613,16.067,11.6,1769929760186,0
180961614,16.066,6.8,1769929760208,1
180961615,16.064,13.0,1769929760208,1
180961616,16.063,5.6,1769929760208,1
180961617,16.067,4.6,1769929760208,0
180961618,16.064,7.0,1769929760212,1
180961619,16.067,7.8,1769929760222,0
180961620,16.068,25.5,1769929760222,0
180961621,16.069,0.7,1769929760222,0
180961622,16.07,0.7,1769929760222,0
180961623,16.071,0.7,1769929760222,0
180961624,16.072,0.7,1769929760222,0
180961625,16.073,18.0,1769929760222,0
180961626,16.074,4.6,1769929760224,0
180961627,16.072,52.5,1769929760244,1
180961628,16.069,1.2,1769929760244,1
180961629,16.067,32.9,1769929760244,1
180961630,16.073,3.0,1769929760252,0
180961631,16.067,10.6,1769929760255,1
180961632,16.063,13.6,1769929760264,1
180961633,16.062,0.7,1769929760264,1
180961634,16.061,0.7,1769929760264,1
180961635,16.06,0.7,1769929760264,1
180961636,16.059,8.3,1769929760264,1
180961637,16.068,0.5,1769929760278,0
180961638,16.069,0.7,1769929760278,0
180961639,16.07,0.7,1769929760278,0
180961640,16.072,12.4,1769929760278,0
180961641,16.073,57.5,1769929760278,0
180961642,16.074,29.9,1769929760278,0
180961643,16.075,87.2,1769929760278,0
180961644,16.076,6.2,1769929760278,0
180961645,16.077,1.2,1769929760278,0
180961646,16.078,24.0,1769929760278,0
180961647,16.079,51.5,1769929760278,0
180961648,16.068,15.4,1769929760281,1
180961649,16.067,9.4,1769929760281,1
180961650,16.071,4.2,1769929760283,0
180961651,16.07,0.4,1769929760305,1
180961652,16.069,1.2,1769929760305,1
180961653,16.068,0.5,1769929760305,1
180961654,16.066,0.7,1769929760305,1
180961655,16.065,9.3,1769929760305,1
180961656,16.064,0.7,1769929760305,1
180961657,16.061,6.3,1769929760305,1
180961658,16.072,2.4,1769929760316,0
180961659,16.064,0.9,1769929760341,1
180961660,16.065,2.5,1769929760372,1
180961661,16.064,23.9,1769929760375,1
180961662,16.063,0.7,1769929760375,1
180961663,16.062,23.2,1769929760375,1
180961664,16.061,13.2,1769929760401,1
180961665,16.06,0.7,1769929760401,1
180961666,16.059,13.2,1769929760401,1
180961667,16.058,0.7,1769929760421,1
180961668,16.057,16.0,1769929760421,1
180961669,16.061,1.2,1769929760435,0
180961670,16.064,6.3,1769929760435,0
180961671,16.065,5.8,1769929760435,0
180961672,16.066,0.7,1769929760435,0
180961673,16.066,36.5,1769929760437,1
180961674,16.058,18.6,1769929760463,1
180961675,16.057,0.7,1769929760468,1
180961676,16.056,14.7,1769929760468,1
180961677,16.055,6.7,1769929760468,1
180961678,16.054,1.9,1769929760468,1
180961679,16.053,11.0,1769929760468,1
180961680,16.052,1.5,1769929760468,1
180961681,16.051,4.1,1769929760468,1
180961682,16.055,5.7,1769929760481,0
180961683,16.056,14.7,1769929760481,0
180961684,16.057,5.3,1769929760481,0
180961685,16.058,10.6,1769929760481,0
180961686,16.055,24.4,1769929760488,0
180961687,16.056,0.7,1769929760488,0
180961688,16.057,0.7,1769929760488,0
180961689,16.058,13.4,1769929760488,0
180961690,16.051,10.3,1769929760496,1
180961691,16.05,0.7,1769929760496,1
180961692,16.049,0.7,1769929760496,1
180961693,16.048,5.1,1769929760496,1
180961694,16.047,6.7,1769929760496,1
180961695,16.046,6.7,1769929760496,1
180961696,16.045,3.1,1769929760496,1
180961697,16.044,0.7,1769929760496,1
180961698,16.043,1.8,1769929760496,1
180961699,16.042,33.0,1769929760496,1
180961700,16.053,6.1,1769929760499,0
180961701,16.054,6.5,1769929760499,0
180961702,16.055,0.7,1769929760499,0
180961703,16.056,0.7,1769929760499,0
180961704,16.057,5.2,1769929760499,0
180961705,16.043,5.7,1769929760501,1
180961706,16.042,14.5,1769929760501,1
180961707,16.041,39.4,1769929760501,1
180961708,16.04,1.9,1769929760501,1
180961709,16.039,1.5,1769929760501,1
180961710,16.038,30.9,1769929760501,1
180961711,16.037,5.8,1769929760501,1
180961712,16.036,18.9,1769929760501,1
180961713,16.05,1.5,1769929760515,0
180961714,16.043,1.2,1769929760515,1
180961715,16.037,24.8,1769929760515,1
180961716,16.036,27.4,1769929760515,1
180961717,16.035,20.3,1769929760515,1
180961718,16.045,1.5,1769929760533,0
180961719,16.046,0.7,1769929760533,0
180961720,16.047,0.7,1769929760533,0
180961721,16.049,6.8,1769929760533,0
180961722,16.042,12.8,1769929760539,1
180961723,16.041,4.2,1769929760570,0
180961724,16.044,21.0,1769929760570,0
180961725,16.045,16.1,1769929760570,0
180961726,16.046,3.9,1769929760570,0
180961727,16.04,0.7,1769929760572,1
180961728,16.039,0.5,1769929760572,1
180961729,16.041,5.1,1769929760577,0
180961730,16.042,15.3,1769929760577,0
180961731,16.044,18.0,1769929760577,0
180961732,16.039,0.2,1769929760577,1
180961733,16.038,0.7,1769929760577,1
180961734,16.037,0.7,1769929760577,1
180961735,16.036,0.7,1769929760591,1
180961736,16.035,0.7,1769929760591,1
180961737,16.034,1.5,1769929760594,1
180961738,16.033,17.7,1769929760613,1
180961739,16.036,0.7,1769929760623,0
180961740,16.037,21.9,1769929760623,0
180961741,16.038,18.5,1769929760623,0
180961742,16.039,9.5,1769929760623,0
180961743,16.035,6.0,1769929760638,0
180961744,16.036,16.5,1769929760638,0
180961745,16.037,15.3,1769929760638,0
180961746,16.038,13.2,1769929760638,0
180961747,16.039,39.7,1769929760638,0
180961748,16.04,34.7,1769929760638,0
180961749,16.041,5.8,1769929760638,0
180961750,16.042,48.9,1769929760638,0
180961751,16.043,15.6,1769929760638,0
180961752,16.044,91.5,1769929760638,0
180961753,16.045,26.7,1769929760638,0
180961754,16.046,94.2,1769929760638,0
180961755,16.048,37.5,1769929760638,0
180961756,16.051,27.1,1769929760638,0
180961757,16.052,48.8,1769929760638,0
180961758,16.053,16.9,1769929760638,0
180961759,16.054,46.8,1769929760638,0
180961760,16.055,93.1,1769929760638,0
180961761,16.056,9.2,1769929760638,0
180961762,16.057,26.1,1769929760638,0
180961763,16.059,34.1,1769929760638,0
180961764,16.06,32.4,1769929760638,0
180961765,16.061,31.5,1769929760638,0
180961766,16.062,3.2,1769929760638,0
180961767,16.063,101.0,1769929760638,0
180961768,16.064,33.6,1769929760638,0
180961769,16.065,37.8,1769929760638,0
180961770,16.066,42.5,1769929760638,0
180961771,16.067,57.6,1769929760638,0
180961772,16.068,86.6,1769929760638,0
180961773,16.069,18.4,1769929760638,0
180961774,16.07,71.8,1769929760638,0
180961775,16.045,31.1,1769929760640,0
180961776,16.059,3.4,1769929760650,1
180961777,16.056,11.4,1769929760668,1
180961778,16.055,4.8,1769929760669,1
180961779,16.054,12.5,1769929760669,1
180961780,16.053,6.0,1769929760669,1
180961781,16.052,25.0,1769929760669,1
180961782,16.051,9.3,1769929760669,1
180961783,16.052,7.8,1769929760679,1
180961784,16.053,20.6,1769929760682,0
180961785,16.056,8.2,1769929760685,0
180961786,16.057,12.6,1769929760685,0
180961787,16.058,6.2,1769929760685,0
180961788,16.059,36.9,1769929760685,0
180961789,16.057,0.7,1769929760687,1
180961790,16.056,0.7,1769929760687,1
180961791,16.055,50.7,1769929760687,1
180961792,16.056,11.6,1769929760689,0
180961793,16.055,6.0,1769929760689,1
180961794,16.056,10.1,1769929760690,0
180961795,16.061,1.2,1769929760708,0
180961796,16.062,4.7,1769929760708,0
180961797,16.058,18.7,1769929760718,1
180961798,16.057,13.2,1769929760718,1
180961799,16.056,38.3,1769929760718,1
180961800,16.055,1.5,1769929760718,1
180961801,16.054,1.2,1769929760718,1
180961802,16.051,3.6,1769929760718,1
180961803,16.053,1.2,1769929760741,1
180961804,16.052,0.5,1769929760742,1
180961805,16.056,0.7,1769929760766,0
180961806,16.058,10.7,1769929760766,0
180961807,16.059,6.8,1769929760766,0
180961808,16.06,32.9,1769929760766,0
180961809,16.061,14.7,1769929760766,0
180961810,16.062,8.0,1769929760766,0
180961811,16.053,3.0,1769929760768,1
180961812,16.059,1.2,1769929760769,0
180961813,16.062,14.2,1769929760769,0
180961814,16.06,0.4,1769929760775,0
180961815,16.053,8.7,1769929760787,1
180961816,16.052,12.2,1769929760788,1
180961817,16.053,1.2,1769929760789,1
180961818,16.052,13.0,1769929760789,1
180961819,16.051,1.2,1769929760789,1
180961820,16.05,13.2,1769929760789,1
180961821,16.049,13.8,1769929760789,1
180961822,16.048,0.7,1769929760789,1
180961823,16.047,4.6,1769929760789,1
180961824,16.046,13.6,1769929760790,1
180961825,16.045,1.1,1769929760791,1
180961826,16.045,6.0,1769929760825,0
180961827,16.046,4.9,1769929760825,0
180961828,16.047,6.0,1769929760825,0
180961829,16.048,1.2,1769929760825,0
180961830,16.049,2.4,1769929760825,0
180961831,16.05,6.0,1769929760825,0
180961832,16.053,0.7,1769929760825,0
180961833,16.052,8.3,1769929760829,0
180961834,16.054,3.5,1769929760850,0
180961835,16.044,0.7,1769929760852,1
180961836,16.043,8.0,1769929760852,1
180961837,16.042,16.8,1769929760852,1
180961838,16.041,15.8,1769929760852,1
180961839,16.04,18.7,1769929760852,1
180961840,16.043,1.2,1769929760858,1
180961841,16.042,0.7,1769929760858,1
180961842,16.041,1.9,1769929760891,1
180961843,16.04,0.7,1769929760891,1
180961844,16.039,0.7,1769929760891,1
180961845,16.038,11.0,1769929760892,1
180961846,16.04,1.2,1769929760893,1
180961847,16.038,0.7,1769929760893,1
180961848,16.037,9.1,1769929760893,1
180961849,16.046,12.5,1769929760894,0
180961850,16.047,49.7,1769929760894,0
180961851,16.048,26.5,1769929760894,0
180961852,16.049,27.7,1769929760894,0
180961853,16.05,23.8,1769929760894,0
180961854,16.051,36.0,1769929760894,0
180961855,16.052,144.8,1769929760894,0
180961856,16.054,49.6,1769929760894,0
180961857,16.055,13.6,1769929760894,0
180961858,16.056,16.0,1769929760894,0
180961859,16.04,1.2,1769929760896,1
180961860,16.042,5.0,1769929760940,1
180961861,16.041,6.2,1769929760940,1
180961862,16.04,21.2,1769929760940,1
180961863,16.039,15.2,1769929760940,1
180961864,16.038,31.0,1769929760940,1
180961865,16.037,9.0,1769929760940,1
180961866,16.036,13.7,1769929760940,1
180961867,16.035,1.8,1769929760940,1
180961868,16.034,2.1,1769929760940,1
180961869,16.035,73.2,1769929760951,1
180961870,16.034,44.0,1769929760951,1
180961871,16.033,7.2,1769929760951,1
180961872,16.032,7.8,1769929760951,1
180961873,16.031,0.7,1769929760951,1
180961874,16.03,3.4,1769929760951,1
180961875,16.029,24.9,1769929760951,1
180961876,16.028,13.3,1769929760951,1
180961877,16.04,6.8,1769929760953,0
180961878,16.042,11.7,1769929760953,0
180961879,16.043,17.9,1769929760953,0
180961880,16.036,11.9,1769929760955,1
180961881,16.034,6.8,1769929760975,1
180961882,16.031,13.2,1769929760975,1
180961883,16.039,13.8,1769929760990,0
180961884,16.04,3.5,1769929760991,0
180961885,16.041,11.4,1769929760991,0
180961886,16.042,14.1,1769929760991,0
180961887,16.041,2.5,1769929760991,0
180961888,16.043,3.6,1769929760992,0
180961889,16.044,24.0,1769929760992,0
180961890,16.042,6.8,1769929761016,0
180961891,16.043,27.9,1769929761016,0
180961892,16.044,23.0,1769929761016,0
180961893,16.045,5.6,1769929761016,0
180961894,16.044,10.6,1769929761019,0
180961895,16.04,19.2,1769929761032,1
180961896,16.039,0.7,1769929761032,1
180961897,16.038,8.0,1769929761032,1
180961898,16.037,24.4,1769929761032,1
180961899,16.036,144.5,1769929761032,1
180961900,16.035,17.1,1769929761032,1
180961901,16.034,39.0,1769929761032,1
180961902,16.033,32.0,1769929761032,1
180961903,16.032,9.7,1769929761032,1
180961904,16.031,54.2,1769929761032,1
180961905,16.03,27.3,1769929761032,1
180961906,16.029,67.1,1769929761032,1
180961907,16.028,5.1,1769929761032,1
180961908,16.027,94.3,1769929761032,1
180961909,16.026,51.9,1769929761032,1
180961910,16.025,5.5,1769929761032,1
180961911,16.033,1.9,1769929761034,1
180961912,16.032,9.1,1769929761034,1
180961913,16.034,5.8,1769929761042,1
180961914,16.033,12.3,1769929761042,1
180961915,16.032,5.9,1769929761042,1
180961916,16.031,1.2,1769929761042,1
180961917,16.028,34.8,1769929761042,1
180961918,16.04,21.6,1769929761048,0
180961919,16.041,1.5,1769929761048,0
180961920,16.042,16.3,1769929761048,0
180961921,16.043,27.0,1769929761048,0
180961922,16.044,10.8,1769929761048,0
180961923,16.045,14.4,1769929761048,0
180961924,16.046,21.4,1769929761048,0
180961925,16.044,1.2,1769929761064,0
180961926,16.046,11.4,1769929761064,0
180961927,16.047,0.7,1769929761064,0
180961928,16.048,14.7,1769929761065,0
180961929,16.049,1.1,1769929761065,0
180961930,16.05,6.7,1769929761065,0
180961931,16.051,43.7,1769929761065,0
180961932,16.052,1.8,1769929761067,0
180961933,16.053,0.7,1769929761068,0
180961934,16.054,20.9,1769929761068,0
180961935,16.055,39.6,1769929761068,0
180961936,16.056,4.7,1769929761068,0
180961937,16.057,0.7,1769929761069,0
180961938,16.058,7.5,1769929761069,0
180961939,16.055,1.5,1769929761103,0
180961940,16.05,10.0,1769929761104,1
180961941,16.049,18.3,1769929761111,1
180961942,16.048,15.0,1769929761111,1
180961943,16.046,23.6,1769929761111,1
180961944,16.045,25.9,1769929761111,1
180961945,16.044,13.4,1769929761111,1
180961946,16.055,9.5,1769929761127,0
180961947,16.05,4.9,1769929761127,1
180961948,16.049,0.7,1769929761127,1
180961949,16.048,0.7,1769929761127,1
180961950,16.047,1.2,1769929761127,1
180961951,16.046,0.7,1769929761127,1
180961952,16.049,5.7,1769929761138,1
180961953,16.048,1.3,1769929761138,1
180961954,16.055,1.0,1769929761153,0
180961955,16.056,3.7,1769929761153,0
180961956,16.057,69.4,1769929761153,0
180961957,16.058,1.8,1769929761155,0
180961958,16.059,2.2,1769929761155,0
180961959,16.06,15.2,1769929761155,0
180961960,16.061,1.9,1769929761156,0
180961961,16.062,1.8,1769929761156,0
180961962,16.063,10.1,1769929761156,0
180961963,16.064,50.1,1769929761156,0
180961964,16.065,1.1,1769929761157,0
180961965,16.066,1.8,1769929761158,0
180961966,16.067,0.7,1769929761167,0
180961967,16.068,2.3,1769929761167,0
180961968,16.069,332.5,1769929761167,0
180961969,16.07,1.8,1769929761169,0
180961970,16.071,0.7,1769929761170,0
180961971,16.072,3.5,1769929761170,0
180961972,16.073,0.7,1769929761171,0
180961973,16.074,3.0,1769929761171,0
180961974,16.075,0.7,1769929761171,0
180961975,16.075,6.0,1769929761174,1
180961976,16.073,12.4,1769929761193,1
180961977,16.072,1.2,1769929761193,1
180961978,16.071,17.6,1769929761193,1
180961979,16.07,34.1,1769929761207,1
180961980,16.067,6.6,1769929761207,1
180961981,16.066,25.6,1769929761207,1
180961982,16.065,0.7,1769929761207,1
180961983,16.064,94.9,1769929761207,1
180961984,16.063,69.0,1769929761207,1
180961985,16.062,3.8,1769929761207,1
180961986,16.061,32.0,1769929761207,1
180961987,16.06,4.0,1769929761207,1
180961988,16.07,12.9,1769929761237,1
180961989,16.069,15.6,1769929761253,1
180961990,16.068,19.3,1769929761253,1
180961991,16.066,19.7,1769929761254,1
180961992,16.064,3.7,1769929761271,1
180961993,16.071,11.2,1769929761283,0
180961994,16.072,16.3,1769929761290,0
180961995,16.064,3.4,1769929761294,1
180961996,16.065,6.2,1769929761317,1
180961997,16.064,4.8,1769929761317,1
180961998,16.071,7.8,1769929761324,0
180961999,16.072,13.7,1769929761324,0
180962000,16.073,19.3,1769929761324,0
180962001,16.074,1.8,1769929761324,0
180962002,16.075,0.7,1769929761324,0
180962003,16.076,21.0,1769929761324,0
180962004,16.077,42.0,1769929761324,0
180962005,16.072,1.2,1769929761327,0
180962006,16.076,15.0,1769929761327,0
180962007,16.077,64.5,1769929761327,0
180962008,16.078,1.8,1769929761327,0
180962009,16.079,16.3,1769929761327,0
180962010,16.08,0.6,1769929761327,0
180962011,16.073,1.2,1769929761329,0
180962012,16.071,8.4,1769929761342,1
180962013,16.07,0.7,1769929761342,1
180962014,16.069,7.5,1769929761342,1
180962015,16.068,39.4,1769929761342,1
180962016,16.067,6.2,1769929761342,1
180962017,16.066,35.5,1769929761342,1
180962018,16.065,32.0,1769929761342,1
180962019,16.064,33.0,1769929761342,1
180962020,16.063,32.2,1769929761342,1
180962021,16.062,41.1,1769929761342,1
180962022,16.061,13.5,1769929761342,1
180962023,16.06,32.2,1769929761342,1
180962024,16.059,34.5,1769929761342,1
180962025,16.065,5.8,1769929761345,1
180962026,16.064,1.2,1769929761345,1
180962027,16.061,15.3,1769929761345,1
180962028,16.06,41.2,1769929761345,1
180962029,16.059,2.2,1769929761345,1
180962030,16.067,3.6,1769929761380,0
180962031,16.068,1.3,1769929761380,0
180962032,16.063,92.0,1769929761381,1
180962033,16.062,1.9,1769929761391,1
180962034,16.061,0.7,1769929761391,1
180962035,16.064,6.2,1769929761392,1
180962036,16.06,1.9,1769929761398,1
180962037,16.059,2.3,1769929761398,1
180962038,16.058,0.7,1769929761398,1
180962039,16.057,6.1,1769929761398,1
180962040,16.056,9.3,1769929761419,1
180962041,16.063,1.0,1769929761446,0
180962042,16.057,18.1,1769929761486,1
180962043,16.056,6.9,1769929761486,1
180962044,16.055,15.9,1769929761486,1
180962045,16.056,6.2,1769929761491,1
180962046,16.055,27.8,1769929761491,1
180962047,16.054,33.3,1769929761491,1
180962048,16.053,60.6,1769929761491,1
180962049,16.052,6.8,1769929761491,1
180962050,16.051,46.1,1769929761491,1
180962051,16.05,1.8,1769929761491,1
180962052,16.049,35.1,1769929761491,1
180962053,16.048,59.2,1769929761491,1
180962054,16.047,36.0,1769929761491,1
180962055,16.049,1.7,1769929761497,1
180962056,16.05,8.6,1769929761506,1
180962057,16.049,4.5,1769929761506,1
180962058,16.048,4.1,1769929761506,1
180962059,16.047,11.2,1769929761506,1
180962060,16.046,15.4,1769929761506,1
180962061,16.045,26.1,1769929761506,1
180962062,16.044,39.0,1769929761506,1
180962063,16.043,7.8,1769929761506,1
180962064,16.042,12.2,1769929761506,1
180962065,16.041,12.2,1769929761506,1
180962066,16.049,23.2,1769929761558,1
180962067,16.048,0.7,1769929761561,1
180962068,16.047,0.7,1769929761561,1
180962069,16.046,11.4,1769929761561,1
180962070,16.045,9.4,1769929761561,1
180962071,16.044,1.8,1769929761562,1
180962072,16.043,1.1,1769929761562,1
180962073,16.042,29.6,1769929761562,1
180962074,16.041,12.8,1769929761563,1
180962075,16.04,20.4,1769929761564,1
180962076,16.039,29.7,1769929761564,1
180962077,16.038,3.1,1769929761564,1
180962078,16.036,28.7,1769929761564,1
180962079,16.035,1.1,1769929761564,1
180962080,16.034,1.1,1769929761564,1
180962081,16.033,0.5,1769929761564,1
180962082,16.032,1.8,1769929761564,1
180962083,16.041,14.6,1769929761565,1
180962084,16.037,10.0,1769929761566,0
180962085,16.035,5.7,1769929761568,0
180962086,16.033,12.4,1769929761575,1
180962087,16.032,9.1,1769929761593,1
180962088,16.031,5.3,1769929761593,1
180962089,16.03,1.8,1769929761593,1
180962090,16.028,1.1,1769929761593,1
180962091,16.027,1.8,1769929761593,1
180962092,16.026,3.3,1769929761593,1
180962093,16.025,18.9,1769929761593,1
180962094,16.024,2.3,1769929761593,1
180962095,16.023,0.2,1769929761593,1
180962096,16.03,1.2,1769929761597,1
180962097,16.029,0.7,1769929761597,1
180962098,16.028,0.7,1769929761597,1
180962099,16.023,3.0,1769929761597,1
180962100,16.022,1.1,1769929761597,1
180962101,16.02,18.1,1769929761597,1
180962102,16.026,1.2,1769929761602,1
180962103,16.02,5.1,1769929761602,1
180962104,16.019,2.6,1769929761602,1
180962105,16.018,1.1,1769929761602,1
180962106,16.017,1.2,1769929761602,1
180962107,16.018,0.4,1769929761625,1
180962108,16.017,8.4,1769929761656,1
180962109,16.022,2.0,1769929761682,0
180962110,16.023,17.0,1769929761689,0
180962111,16.024,1.9,1769929761692,0
180962112,16.025,0.7,1769929761695,0
180962113,16.025,11.4,1769929761698,1
180962114,16.024,11.0,1769929761698,1
180962115,16.023,6.0,1769929761698,1
180962116,16.022,1.1,1769929761698,1
180962117,16.025,62.3,1769929761705,0
180962118,16.026,2.2,1769929761709,0
180962119,16.024,0.6,1769929761728,1
180962120,16.023,0.7,1769929761728,1
180962121,16.022,4.9,1769929761728,1
180962122,16.024,1.2,1769929761733,0
180962123,16.026,8.0,1769929761733,0
180962124,16.027,10.9,1769929761733,0
180962125,16.024,1.2,1769929761737,0
180962126,16.027,2.3,1769929761737,0
180962127,16.028,10.4,1769929761737,0
180962128,16.029,0.6,1769929761737,0
180962129,16.024,1.2,1769929761743,1
180962130,16.029,0.5,1769929761770,0
180962131,16.03,1.8,1769929761770,0
180962132,16.031,0.7,1769929761770,0
180962133,16.032,3.2,1769929761770,0
180962134,16.03,3.0,1769929761812,1
180962135,16.029,0.1,1769929761812,1
180962136,16.032,0.4,1769929761826,0
180962137,16.033,1.6,1769929761826,0
180962138,16.032,2.6,1769929761902,1
180962139,16.033,30.8,1769929761927,0
180962140,16.034,0.7,1769929761927,0
180962141,16.035,2.2,1769929761927,0
180962142,16.036,19.6,1769929761929,0
180962143,16.036,6.0,1769929761937,1
180962144,16.035,14.1,1769929761949,1
180962145,16.034,1.8,1769929761949,1
180962146,16.033,22.4,1769929761949,1
180962147,16.037,4.3,1769929761969,0
180962148,16.038,0.7,1769929761969,0
180962149,16.039,0.7,1769929761969,0
180962150,16.04,14.6,1769929761969,0
180962151,16.035,59.0,1769929761979,1
180962152,16.037,2.5,1769929762000,0
180962153,16.039,0.7,1769929762000,0
180962154,16.04,2.2,1769929762000,0
180962155,16.041,0.7,1769929762000,0
180962156,16.042,3.9,1769929762000,0
180962157,16.037,1.2,1769929762007,0
180962158,16.041,14.1,1769929762007,0
180962159,16.042,30.1,1769929762007,0
180962160,16.043,1.1,1769929762007,0
180962161,16.044,2.2,1769929762007,0
180962162,16.045,27.2,1769929762007,0
180962163,16.046,13.2,1769929762007,0
180962164,16.047,16.7,1769929762007,0
180962165,16.048,76.8,1769929762007,0
180962166,16.049,9.1,1769929762007,0
180962167,16.05,38.2,1769929762007,0
180962168,16.051,20.1,1769929762007,0
180962169,16.052,94.9,1769929762007,0
180962170,16.053,32.2,1769929762007,0
180962171,16.054,6.8,1769929762007,0
180962172,16.055,0.7,1769929762007,0
180962173,16.056,6.8,1769929762007,0
180962174,16.057,6.7,1769929762007,0
180962175,16.058,2.2,1769929762007,0
180962176,16.059,94.3,1769929762007,0
180962177,16.06,1.8,1769929762007,0
180962178,16.061,9.3,1769929762007,0
180962179,16.062,76.0,1769929762007,0
180962180,16.063,16.1,1769929762007,0
180962181,16.064,9.3,1769929762007,0
180962182,16.065,9.0,1769929762007,0
180962183,16.066,8.1,1769929762007,0
180962184,16.067,37.4,1769929762007,0
180962185,16.068,103.4,1769929762007,0
180962186,16.069,25.6,1769929762007,0
180962187,16.07,43.5,1769929762007,0
180962188,16.071,7.0,1769929762007,0
180962189,16.072,28.5,1769929762007,0
180962190,16.073,52.3,1769929762007,0
180962191,16.074,3.7,1769929762007,0
180962192,16.035,20.7,1769929762007,1
180962193,16.059,1.2,1769929762036,1
180962194,16.059,10.8,1769929762038,0
180962195,16.06,6.0,1769929762038,0
180962196,16.061,6.8,1769929762038,0
180962197,16.062,6.0,1769929762039,0
180962198,16.063,13.4,1769929762039,0
180962199,16.064,1.9,1769929762039,0
180962200,16.065,7.5,1769929762039,0
180962201,16.067,33.8,1769929762039,0
180962202,16.068,13.5,1769929762039,0
180962203,16.069,24.8,1769929762039,0
180962204,16.07,12.4,1769929762039,0
180962205,16.071,50.7,1769929762039,0
180962206,16.072,52.3,1769929762039,0
180962207,16.073,32.4,1769929762039,0
180962208,16.076,25.8,1769929762039,0
180962209,16.077,26.4,1769929762039,0
180962210,16.078,1.1,1769929762039,0
180962211,16.079,40.6,1769929762039,0
180962212,16.08,22.7,1769929762039,0
180962213,16.081,1.1,1769929762039,0
180962214,16.082,24.9,1769929762039,0
180962215,16.058,1.7,1769929762039,1
180962216,16.057,9.8,1769929762039,1
180962217,16.056,0.7,1769929762039,1
180962218,16.055,14.3,1769929762039,1
180962219,16.054,20.3,1769929762039,1
180962220,16.053,21.0,1769929762039,1
180962221,16.052,20.7,1769929762039,1
180962222,16.051,31.8,1769929762039,1
180962223,16.05,132.1,1769929762039,1
180962224,16.049,25.0,1769929762039,1
180962225,16.082,22.6,1769929762039,0
180962226,16.083,65.4,1769929762039,0
180962227,16.084,94.5,1769929762039,0
180962228,16.085,0.7,1769929762039,0
180962229,16.086,26.8,1769929762039,0
180962230,16.087,7.4,1769929762039,0
180962231,16.088,7.0,1769929762039,0
180962232,16.089,0.7,1769929762039,0
180962233,16.09,29.5,1769929762039,0
180962234,16.091,52.6,1769929762039,0
180962235,16.092,108.3,1769929762039,0
180962236,16.093,132.6,1769929762039,0
180962237,16.094,8.5,1769929762039,0
180962238,16.095,79.8,1769929762039,0
180962239,16.096,96.7,1769929762039,0
180962240,16.097,1.5,1769929762039,0
180962241,16.098,0.7,1769929762039,0
180962242,16.099,7.0,1769929762039,0
180962243,16.1,31.6,1769929762039,0
180962244,16.101,129.2,1769929762039,0
180962245,16.102,0.4,1769929762039,0
180962246,16.104,30.0,1769929762039,0
180962247,16.105,47.3,1769929762039,0
180962248,16.068,0.5,1769929762041,0
180962249,16.07,1.2,1769929762042,0
180962250,16.083,1.2,1769929762042,0
180962251,16.086,0.5,1769929762045,1
180962252,16.091,0.5,1769929762045,0
180962253,16.086,1.2,1769929762046,1
180962254,16.082,2.0,1769929762046,1
180962255,16.085,0.7,1769929762055,1
180962256,16.089,6.0,1769929762062,0
180962257,16.09,6.4,1769929762065,0
180962258,16.091,14.0,1769929762065,0
180962259,16.093,5.7,1769929762065,0
180962260,16.094,8.9,1769929762072,0
180962261,16.095,7.3,1769929762072,0
180962262,16.096,15.6,1769929762072,0
180962263,16.097,14.0,1769929762072,0
180962264,16.098,14.7,1769929762072,0
180962265,16.099,25.8,1769929762072,0
180962266,16.1,59.1,1769929762073,0
180962267,16.101,0.7,1769929762073,0
180962268,16.102,8.0,1769929762073,0
180962269,16.103,36.7,1769929762073,0
180962270,16.104,79.8,1769929762073,0
180962271,16.105,149.3,1769929762073,0
180962272,16.106,61.0,1769929762073,0
180962273,16.087,1.2,1769929762074,1
180962274,16.095,0.7,1769929762075,0
180962275,16.098,1.2,1769929762078,0
180962276,16.104,0.5,1769929762078,0
180962277,16.106,5.5,1769929762078,0
180962278,16.107,21.4,1769929762078,0
180962279,16.108,25.4,1769929762078,0
180962280,16.109,16.7,1769929762078,0
180962281,16.095,5.7,1769929762078,1
180962282,16.096,10.9,1769929762082,1
180962283,16.097,1.2,1769929762083,0
180962284,16.096,13.0,1769929762083,1
180962285,16.109,0.7,1769929762115,0
180962286,16.11,21.9,1769929762115,0
180962287,16.108,1.3,1769929762117,1
180962288,16.107,11.8,1769929762117,1
180962289,16.106,6.0,1769929762117,1
180962290,16.105,4.8,1769929762117,1
180962291,16.111,0.7,1769929762118,0
180962292,16.112,4.8,1769929762118,0
180962293,16.113,0.5,1769929762118,0
180962294,16.116,7.9,1769929762118,0
180962295,16.111,2.0,1769929762120,1
180962296,16.112,0.5,1769929762122,0
180962297,16.112,2.0,1769929762124,1
180962298,16.117,0.6,1769929762136,0
180962299,16.119,8.6,1769929762136,0
180962300,16.121,14.6,1769929762136,0
180962301,16.12,9.5,1769929762139,0
180962302,16.122,7.4,1769929762139,0
180962303,16.123,13.1,1769929762139,0
180962304,16.125,9.8,1769929762145,0
180962305,16.126,3.8,1769929762146,0
180962306,16.13,7.5,1769929762155,0
180962307,16.132,2.1,1769929762155,0
180962308,16.126,30.8,1769929762161,1
180962309,16.124,19.5,1769929762174,1
180962310,16.123,6.7,1769929762174,1
180962311,16.122,14.1,1769929762174,1
180962312,16.121,0.7,1769929762179,1
180962313,16.12,0.7,1769929762180,1
180962314,16.117,3.0,1769929762181,1
180962315,16.121,14.6,1769929762198,0
180962316,16.122,1.3,1769929762198,0
180962317,16.122,1.0,1769929762198,1
180962318,16.123,0.7,1769929762201,0
180962319,16.122,5.3,1769929762202,1
180962320,16.124,0.7,1769929762205,0
180962321,16.125,1.2,1769929762205,0
180962322,16.124,0.7,1769929762225,1
180962323,16.123,0.7,1769929762225,1
180962324,16.121,1.2,1769929762236,1
180962325,16.117,18.5,1769929762236,1
180962326,16.123,1.2,1769929762254,1
180962327,16.122,1.9,1769929762257,0
180962328,16.123,6.0,1769929762257,0
180962329,16.125,6.9,1769929762257,0
180962330,16.121,1.2,1769929762257,1
180962331,16.118,12.4,1769929762257,1
180962332,16.117,30.4,1769929762257,1
180962333,16.12,0.7,1769929762260,1
180962334,16.119,0.7,1769929762260,1
180962335,16.117,13.6,1769929762260,1
180962336,16.116,0.7,1769929762260,1
180962337,16.115,0.7,1769929762260,1
180962338,16.114,0.7,1769929762279,1
180962339,16.116,6.0,1769929762280,0
180962340,16.116,55.5,1769929762316,1
180962341,16.115,0.7,1769929762341,1
180962342,16.114,1.1,1769929762341,1
180962343,16.113,0.7,1769929762348,1
180962344,16.115,6.0,1769929762373,0
180962345,16.116,8.4,1769929762373,0
180962346,16.117,19.0,1769929762373,0
180962347,16.118,0.7,1769929762373,0
180962348,16.119,7.0,1769929762373,0
180962349,16.116,0.7,1769929762375,0
180962350,16.117,0.7,1769929762375,0
180962351,16.119,2.4,1769929762375,0
180962352,16.12,27.7,1769929762375,0
180962353,16.121,9.5,1769929762381,0
180962354,16.122,9.4,1769929762381,0
180962355,16.123,9.8,1769929762381,0
180962356,16.124,8.6,1769929762381,0
180962357,16.125,14.5,1769929762381,0
180962358,16.126,9.3,1769929762381,0
180962359,16.127,8.0,1769929762381,0
180962360,16.122,1.2,1769929762385,1
180962361,16.118,0.8,1769929762385,1
180962362,16.126,1.2,1769929762405,0
180962363,16.127,2.5,1769929762407,0
180962364,16.123,1.2,1769929762408,1
180962365,16.126,18.4,1769929762415,0
180962366,16.127,10.1,1769929762417,0
180962367,16.128,2.3,1769929762417,0
180962368,16.129,0.7,1769929762417,0
180962369,16.13,1.6,1769929762417,0
180962370,16.131,0.7,1769929762417,0
180962371,16.132,25.5,1769929762418,0
180962372,16.133,19.0,1769929762419,0
180962373,16.129,1.2,1769929762419,0
180962374,16.133,6.2,1769929762419,0
180962375,16.134,91.2,1769929762419,0
180962376,16.135,75.3,1769929762421,0
180962377,16.129,21.7,1769929762427,1
180962378,16.127,3.3,1769929762427,1
180962379,16.13,10.2,1769929762434,1
180962380,16.129,15.1,1769929762434,1
180962381,16.128,30.2,1769929762434,1
180962382,16.127,45.5,1769929762434,1
180962383,16.13,8.7,1769929762452,1
180962384,16.129,0.7,1769929762461,1
180962385,16.128,0.7,1769929762461,1
180962386,16.126,0.7,1769929762461,1
180962387,16.125,0.7,1769929762468,1
180962388,16.124,1.1,1769929762468,1
180962389,16.123,4.3,1769929762468,1
180962390,16.122,3.5,1769929762469,1
180962391,16.121,0.7,1769929762469,1
180962392,16.12,1.9,1769929762470,1
180962393,16.123,4.6,1769929762470,1
180962394,16.127,1.2,1769929762471,1
180962395,16.123,5.2,1769929762471,1
180962396,16.122,15.1,1769929762471,1
180962397,16.121,15.0,1769929762472,1
180962398,16.12,63.8,1769929762472,1
180962399,16.119,1.4,1769929762472,1
180962400,16.126,1.2,1769929762472,1
180962401,16.12,2.4,1769929762472,1
180962402,16.121,2.2,1769929762473,1
180962403,16.125,1.2,1769929762474,1
180962404,16.121,7.5,1769929762474,1
180962405,16.12,2.3,1769929762475,1
180962406,16.119,5.1,1769929762475,1
180962407,16.125,1.2,1769929762478,1
180962408,16.12,3.1,1769929762479,1
180962409,16.125,1.2,1769929762486,1
180962410,16.122,1.4,1769929762486,1
180962411,16.121,1.9,1769929762523,1
180962412,16.12,1.8,1769929762523,1
180962413,16.119,1.5,1769929762524,1
180962414,16.118,36.9,1769929762524,1
180962415,16.117,32.2,1769929762524,1
180962416,16.116,1.8,1769929762533,1
180962417,16.115,89.8,1769929762539,1
180962418,16.114,1.8,1769929762557,1
180962419,16.113,2.8,1769929762557,1
180962420,16.125,18.1,1769929762558,0
180962421,16.126,24.9,1769929762558,0
180962422,16.127,15.9,1769929762558,0
180962423,16.128,5.6,1769929762558,0
180962424,16.114,12.3,1769929762567,1
180962425,16.113,12.4,1769929762567,1
180962426,16.112,8.1,1769929762567,1
180962427,16.111,37.9,1769929762567,1
180962428,16.11,2.6,1769929762567,1
180962429,16.109,3.0,1769929762567,1
180962430,16.108,9.4,1769929762567,1
180962431,16.107,36.0,1769929762567,1
180962432,16.106,42.0,1769929762567,1
180962433,16.105,6.1,1769929762567,1
180962434,16.104,58.6,1769929762567,1
180962435,16.103,70.6,1769929762567,1
180962436,16.102,53.4,1769929762567,1
180962437,16.101,43.9,1769929762567,1
180962438,16.111,1.2,1769929762570,1
180962439,16.113,0.5,1769929762573,0
180962440,16.116,6.3,1769929762573,0
180962441,16.117,1.2,1769929762573,0
180962442,16.118,7.6,1769929762573,0
180962443,16.119,23.1,1769929762573,0
180962444,16.12,43.9,1769929762573,0
180962445,16.121,37.8,1769929762573,0
180962446,16.122,14.3,1769929762573,0
180962447,16.123,6.9,1769929762573,0
180962448,16.124,66.1,1769929762573,0
180962449,16.125,16.1,1769929762573,0
180962450,16.126,49.1,1769929762573,0
180962451,16.127,85.0,1769929762573,0
180962452,16.128,5.1,1769929762573,0
180962453,16.129,38.1,1769929762573,0
180962454,16.117,16.8,1769929762589,0
180962455,16.113,15.2,1769929762599,1
180962456,16.112,0.7,1769929762599,1
180962457,16.111,0.7,1769929762599,1
180962458,16.11,0.7,1769929762599,1
180962459,16.109,4.3,1769929762599,1
180962460,16.107,34.3,1769929762603,1
180962461,16.11,6.8,1769929762605,1
180962462,16.107,1.2,1769929762605,1
180962463,16.106,1.8,1769929762605,1
180962464,16.105,0.7,1769929762605,1
180962465,16.104,53.3,1769929762605,1
180962466,16.102,5.7,1769929762605,1
180962467,16.107,1.2,1769929762609,1
180962468,16.103,12.4,1769929762611,1
180962469,16.101,2.5,1769929762614,1
180962470,16.1,2.2,1769929762625,1
180962471,16.099,1.8,1769929762625,1
180962472,16.098,15.4,1769929762625,1
180962473,16.097,32.2,1769929762628,1
180962474,16.096,1.8,1769929762628,1
180962475,16.098,32.2,1769929762631,1
180962476,16.097,31.5,1769929762635,1
180962477,16.1,5.3,1769929762721,1
180962478,16.099,0.7,1769929762721,1
180962479,16.098,1.8,1769929762722,1
180962480,16.097,0.7,1769929762722,1
180962481,16.096,1.8,1769929762722,1
180962482,16.095,7.2,1769929762773,1
180962483,16.097,5.0,1769929762781,0
180962484,16.098,13.2,1769929762781,0
180962485,16.099,1.8,1769929762781,0
180962486,16.1,12.4,1769929762781,0
180962487,16.101,15.2,1769929762781,0
180962488,16.102,12.4,1769929762781,0
180962489,16.103,10.5,1769929762781,0
180962490,16.104,30.1,1769929762781,0
180962491,16.105,19.8,1769929762781,0
180962492,16.106,29.1,1769929762781,0
180962493,16.107,9.5,1769929762781,0
180962494,16.108,6.7,1769929762781,0
180962495,16.109,96.3,1769929762781,0
180962496,16.11,40.1,1769929762781,0
180962497,16.111,17.3,1769929762781,0
180962498,16.112,13.5,1769929762781,0
180962499,16.113,122.1,1769929762781,0
180962500,16.1,1.2,1769929762783,0
180962501,16.104,0.5,1769929762792,1
180962502,16.103,1.9,1769929762792,1
180962503,16.101,117.5,1769929762792,1
180962504,16.099,25.4,1769929762792,1
180962505,16.098,9.2,1769929762792,1
180962506,16.097,2.1,1769929762792,1
180962507,16.096,71.1,1769929762792,1
180962508,16.095,15.1,1769929762792,1
180962509,16.094,1.8,1769929762792,1
180962510,16.093,2.3,1769929762792,1
180962511,16.092,26.7,1769929762792,1
180962512,16.091,1.8,1769929762792,1
180962513,16.09,39.0,1769929762792,1
180962514,16.089,239.6,1769929762792,1
180962515,16.098,1.2,1769929762804,1
180962516,16.094,6.4,1769929762804,1
180962517,16.1,2.1,1769929762829,0
180962518,16.101,13.9,1769929762829,0
180962519,16.102,0.5,1769929762829,0
180962520,16.102,1.2,1769929762830,1
180962521,16.103,18.0,1769929762831,0
180962522,16.104,8.4,1769929762832,0
180962523,16.105,9.3,1769929762832,0
180962524,16.106,8.0,1769929762835,0
180962525,16.107,1.8,1769929762835,0
180962526,16.108,26.9,1769929762835,0
180962527,16.109,13.3,1769929762835,0
180962528,16.11,5.3,1769929762835,0
180962529,16.111,8.5,1769929762835,0
180962530,16.112,11.4,1769929762835,0
180962531,16.113,8.5,1769929762835,0
180962532,16.114,0.7,1769929762835,0
180962533,16.115,1.8,1769929762835,0
180962534,16.116,14.0,1769929762835,0
180962535,16.117,1.1,1769929762835,0
180962536,16.118,13.1,1769929762835,0
180962537,16.119,1.8,1769929762835,0
180962538,16.12,77.2,1769929762835,0
180962539,16.121,164.3,1769929762835,0
180962540,16.122,0.5,1769929762835,0
180962541,16.123,2.9,1769929762835,0
180962542,16.124,6.2,1769929762835,0
180962543,16.125,18.6,1769929762835,0
180962544,16.126,25.9,1769929762835,0
180962545,16.127,6.3,1769929762835,0
180962546,16.128,7.3,1769929762835,0
180962547,16.129,145.8,1769929762835,0
180962548,16.13,5.1,1769929762835,0
180962549,16.131,1.8,1769929762835,0
180962550,16.132,32.6,1769929762835,0
180962551,16.133,25.8,1769929762835,0
180962552,16.134,12.4,1769929762835,0
180962553,16.135,44.7,1769929762835,0
180962554,16.136,135.8,1769929762835,0
180962555,16.137,3.7,1769929762835,0
180962556,16.138,34.4,1769929762835,0
180962557,16.139,105.2,1769929762835,0
180962558,16.14,67.0,1769929762835,0
180962559,16.141,8.1,1769929762835,0
180962560,16.142,0.4,1769929762835,0
180962561,16.143,134.6,1769929762835,0
180962562,16.144,6.7,1769929762835,0
180962563,16.145,6.7,1769929762835,0
180962564,16.146,55.8,1769929762835,0
180962565,16.147,34.1,1769929762835,0
180962566,16.148,2.0,1769929762835,0
180962567,16.149,51.1,1769929762836,0
180962568,16.15,87.1,1769929762836,0
180962569,16.151,72.0,1769929762836,0
180962570,16.152,6.7,1769929762836,0
180962571,16.153,31.5,1769929762836,0
180962572,16.125,2.4,1769929762837,0
180962573,16.127,1.2,1769929762838,0
180962574,16.14,1.2,1769929762838,0
180962575,16.148,1.1,1769929762839,0
180962576,16.153,27.2,1769929762839,0
180962577,16.142,1.2,1769929762841,0
180962578,16.151,17.3,1769929762841,0
180962579,16.153,19.5,1769929762841,0
180962580,16.154,0.8,1769929762841,0
180962581,16.155,13.7,1769929762843,0
180962582,16.154,2.4,1769929762844,1
180962583,16.154,6.0,1769929762845,0
180962584,16.155,4.7,1769929762847,0
180962585,16.156,3.2,1769929762851,0
180962586,16.157,0.4,1769929762851,0
180962587,16.153,1.5,1769929762862,1
180962588,16.152,15.5,1769929762862,1
180962589,16.151,0.7,1769929762862,1
180962590,16.15,8.1,1769929762862,1
180962591,16.152,1.2,1769929762867,1
180962592,16.15,1.8,1769929762867,1
180962593,16.154,2.4,1769929762869,0
180962594,16.155,0.7,1769929762869,0
180962595,16.156,0.7,1769929762869,0
180962596,16.157,1.3,1769929762869,0
180962597,16.158,11.4,1769929762869,0
180962598,16.159,0.9,1769929762869,0
180962599,16.16,3.0,1769929762869,0
180962600,16.157,1.2,1769929762872,0
180962601,16.159,5.5,1769929762872,0
180962602,16.16,4.3,1769929762872,0
180962603,16.161,2.6,1769929762872,0
180962604,16.162,0.4,1769929762874,0
180962605,16.164,0.5,1769929762876,0
180962606,16.165,6.7,1769929762876,0
180962607,16.166,2.1,1769929762876,0
180962608,16.167,18.3,1769929762879,0
180962609,16.168,23.4,1769929762897,0
180962610,16.169,1.2,1769929762897,0
180962611,16.17,1.6,1769929762897,0
180962612,16.171,19.1,1769929762897,0
180962613,16.172,0.9,1769929762897,0
180962614,16.173,0.4,1769929762897,0
180962615,16.174,1.5,1769929762897,0
180962616,16.175,7.5,1769929762897,0
180962617,16.176,42.0,1769929762897,0
180962618,16.177,69.6,1769929762897,0
180962619,16.178,0.6,1769929762899,0
180962620,16.179,29.1,1769929762899,0
180962621,16.18,24.3,1769929762899,0
180962622,16.176,0.7,1769929762899,0
180962623,16.18,110.3,1769929762901,0
180962624,16.172,0.8,1769929762908,0
180962625,16.17,6.6,1769929762910,1
180962626,16.171,0.6,1769929762916,1
180962627,16.177,0.7,1769929762918,0
180962628,16.178,0.7,1769929762918,0
180962629,16.179,7.0,1769929762918,0
180962630,16.172,2.6,1769929762921,0
180962631,16.177,0.7,1769929762924,0
180962632,16.178,0.7,1769929762924,0
180962633,16.173,7.0,1769929762927,1
180962634,16.171,2.0,1769929762933,1
180962635,16.179,10.1,1769929762934,0
180962636,16.18,16.4,1769929762934,0
180962637,16.178,3.6,1769929762956,1
180962638,16.177,7.2,1769929762956,1
180962639,16.178,1.0,1769929762959,1
180962640,16.18,0.7,1769929762959,0
180962641,16.181,0.7,1769929762959,0
180962642,16.182,1.7,1769929762959,0
180962643,16.183,0.9,1769929762959,0
180962644,16.181,2.2,1769929762968,0
180962645,16.179,0.7,1769929762981,1
180962646,16.178,13.3,1769929762981,1
180962647,16.177,5.9,1769929762981,1
180962648,16.176,13.1,1769929762981,1
180962649,16.179,1.2,1769929762983,1
180962650,16.175,13.1,1769929762983,1
180962651,16.174,12.4,1769929762983,1
180962652,16.18,1.2,1769929762985,1
180962653,16.173,1.8,1769929762985,1
180962654,16.174,39.8,1769929762986,1
180962655,16.175,12.4,1769929762990,1
180962656,16.171,0.7,1769929762990,1
180962657,16.17,0.7,1769929762990,1
180962658,16.169,0.7,1769929762990,1
180962659,16.168,0.7,1769929762990,1
180962660,16.174,1.6,1769929763005,1
180962661,16.169,0.8,1769929763009,1
180962662,16.168,119.8,1769929763009,1
180962663,16.167,2.7,1769929763027,1
180962664,16.166,1.2,1769929763028,1
180962665,16.165,0.7,1769929763028,1
180962666,16.164,1.9,1769929763028,1
180962667,16.163,1.2,1769929763028,1
180962668,16.162,25.9,1769929763028,1
180962669,16.161,37.3,1769929763028,1
180962670,16.165,1.2,1769929763030,1
180962671,16.161,5.9,1769929763030,1
180962672,16.16,42.0,1769929763030,1
180962673,16.162,12.4,1769929763030,1
180962674,16.16,65.4,1769929763031,1
180962675,16.161,12.4,1769929763033,1
180962676,16.16,13.6,1769929763033,1
180962677,16.159,0.7,1769929763033,1
180962678,16.158,0.7,1769929763033,1
180962679,16.157,0.5,1769929763033,1
180962680,16.155,2.7,1769929763033,1
180962681,16.154,6.5,1769929763033,1
180962682,16.161,15.0,1769929763033,1
180962683,16.154,10.7,1769929763034,1
180962684,16.156,6.4,1769929763035,1
180962685,16.154,4.2,1769929763036,1
180962686,16.156,5.7,1769929763037,1
180962687,16.154,9.8,1769929763037,1
180962688,16.166,0.5,1769929763039,0
180962689,16.168,11.9,1769929763039,0
180962690,16.169,11.7,1769929763039,0
180962691,16.17,11.9,1769929763039,0
180962692,16.163,5.3,1769929763044,1
180962693,16.157,37.4,1769929763044,1
180962694,16.159,49.2,1769929763046,1
180962695,16.16,1.4,1769929763048,1
180962696,16.159,17.4,1769929763048,1
180962697,16.16,12.4,1769929763050,1
180962698,16.159,3.7,1769929763051,1
180962699,16.16,8.0,1769929763052,1
180962700,16.161,12.4,1769929763053,1
180962701,16.16,5.0,1769929763060,1
180962702,16.166,1.7,1769929763061,0
180962703,16.16,10.8,1769929763061,1
180962704,16.159,0.7,1769929763062,1
180962705,16.158,7.6,1769929763062,1
180962706,16.157,8.0,1769929763063,1
180962707,16.167,0.7,1769929763063,0
180962708,16.168,3.0,1769929763063,0
180962709,16.157,0.2,1769929763063,1
180962710,16.156,2.7,1769929763063,1
180962711,16.16,3.5,1769929763063,1
180962712,16.161,12.4,1769929763063,1
180962713,16.157,11.8,1769929763064,1
180962714,16.167,0.6,1769929763064,0
180962715,16.157,1.4,1769929763064,1
180962716,16.16,1.0,1769929763064,1
180962717,16.157,3.2,1769929763064,1
180962718,16.156,8.8,1769929763064,1
180962719,16.155,4.2,1769929763064,1
180962720,16.157,5.2,1769929763065,1
180962721,16.155,4.5,1769929763065,1
180962722,16.157,1.5,1769929763066,1
180962723,16.155,1.3,1769929763066,1
180962724,16.157,0.5,1769929763066,1
180962725,16.156,3.0,1769929763066,1
180962726,16.155,0.2,1769929763066,1
180962727,16.156,4.5,1769929763066,1
180962728,16.155,2.9,1769929763066,1
180962729,16.158,0.9,1769929763067,1
180962730,16.154,9.8,1769929763067,1
180962731,16.155,12.4,1769929763070,1
180962732,16.154,29.5,1769929763070,1
180962733,16.153,2.3,1769929763070,1
180962734,16.152,32.8,1769929763070,1
180962735,16.151,1.9,1769929763077,1
180962736,16.15,0.7,1769929763077,1
180962737,16.149,0.7,1769929763077,1
180962738,16.148,3.5,1769929763077,1
180962739,16.149,12.4,1769929763078,1
180962740,16.147,0.7,1769929763078,1
180962741,16.146,0.7,1769929763078,1
180962742,16.145,16.5,1769929763078,1
180962743,16.147,57.2,1769929763081,1
180962744,16.145,0.7,1769929763098,1
180962745,16.143,8.9,1769929763098,1
180962746,16.142,0.4,1769929763113,1
180962747,16.141,1.1,1769929763114,1
180962748,16.139,2.5,1769929763116,1
180962749,16.138,0.7,1769929763131,1
180962750,16.137,1.8,1769929763131,1
180962751,16.136,1.2,1769929763131,1
180962752,16.135,1.1,1769929763131,1
180962753,16.133,0.2,1769929763131,1
180962754,16.139,4.8,1769929763142,1
180962755,16.138,0.7,1769929763147,1
180962756,16.135,1.2,1769929763155,1
180962757,16.131,6.1,1769929763175,1
180962758,16.13,16.8,1769929763175,1
180962759,16.129,17.7,1769929763175,1
180962760,16.128,24.8,1769929763175,1
180962761,16.127,1.1,1769929763175,1
180962762,16.125,16.7,1769929763175,1
180962763,16.124,69.8,1769929763177,1
180962764,16.125,6.0,1769929763189,0
180962765,16.127,1.2,1769929763189,0
180962766,16.133,16.4,1769929763197,0
180962767,16.134,0.7,1769929763197,0
180962768,16.135,0.7,1769929763197,0
180962769,16.136,13.1,1769929763197,0
180962770,16.137,0.7,1769929763198,0
180962771,16.138,0.7,1769929763199,0
180962772,16.139,1.2,1769929763199,0
180962773,16.14,29.0,1769929763199,0
180962774,16.137,1.2,1769929763205,0
180962775,16.141,13.5,1769929763206,0
180962776,16.14,1.2,1769929763214,0
180962777,16.142,1.1,1769929763214,0
180962778,16.143,8.0,1769929763214,0
180962779,16.144,39.4,1769929763214,0
180962780,16.145,24.3,1769929763214,0
180962781,16.146,32.2,1769929763214,0
180962782,16.147,26.9,1769929763214,0
180962783,16.148,1.2,1769929763214,0
180962784,16.149,4.9,1769929763214,0
180962785,16.15,13.4,1769929763214,0
180962786,16.151,18.1,1769929763214,0
180962787,16.152,19.8,1769929763214,0
180962788,16.153,65.9,1769929763214,0
180962789,16.154,120.6,1769929763214,0
180962790,16.155,1.1,1769929763214,0
180962791,16.156,7.5,1769929763214,0
180962792,16.157,1.6,1769929763214,0
180962793,16.158,7.3,1769929763214,0
180962794,16.159,27.3,1769929763214,0
180962795,16.161,25.5,1769929763214,0
180962796,16.162,116.8,1769929763214,0
180962797,16.163,126.3,1769929763214,0
180962798,16.148,0.4,1769929763217,0
180962799,16.151,1.1,1769929763217,0
180962800,16.152,1.2,1769929763217,0
180962801,16.152,0.6,1769929763221,1
180962802,16.153,4.3,1769929763224,1
180962803,16.154,12.4,1769929763258,1
180962804,16.153,5.7,1769929763260,0
180962805,16.154,0.7,1769929763263,0
180962806,16.155,1.1,1769929763265,0
180962807,16.157,1.1,1769929763267,0
180962808,16.157,3.1,1769929763269,1
180962809,16.158,12.5,1769929763283,1
180962810,16.156,0.7,1769929763286,1
180962811,16.155,0.7,1769929763286,1
180962812,16.154,26.6,1769929763286,1
180962813,16.153,16.6,1769929763286,1
180962814,16.152,0.7,1769929763286,1
180962815,16.151,39.4,1769929763286,1
180962816,16.15,3.8,1769929763286,1
180962817,16.149,14.3,1769929763286,1
180962818,16.148,6.9,1769929763286,1
180962819,16.147,36.6,1769929763286,1
180962820,16.146,29.8,1769929763286,1
180962821,16.145,1.2,1769929763286,1
180962822,16.154,1.2,1769929763289,1
180962823,16.157,0.5,1769929763327,0
180962824,16.156,1.2,1769929763336,1
180962825,16.152,0.7,1769929763338,1
180962826,16.151,1.9,1769929763338,1
180962827,16.149,17.2,1769929763338,1
180962828,16.148,0.7,1769929763350,1
180962829,16.147,2.2,1769929763350,1
180962830,16.145,1.1,1769929763350,1
180962831,16.144,0.7,1769929763350,1
180962832,16.143,6.6,1769929763350,1
180962833,16.142,3.5,1769929763350,1
180962834,16.141,15.0,1769929763350,1
180962835,16.151,0.6,1769929763376,0
180962836,16.148,1.2,1769929763382,1
180962837,16.147,0.7,1769929763383,1
180962838,16.146,0.7,1769929763383,1
180962839,16.145,0.7,1769929763383,1
180962840,16.144,0.7,1769929763383,1
180962841,16.14,0.7,1769929763387,1
180962842,16.139,1.2,1769929763387,1
180962843,16.137,13.5,1769929763390,1
180962844,16.136,6.0,1769929763390,1
180962845,16.135,29.6,1769929763390,1
180962846,16.134,56.9,1769929763390,1
180962847,16.137,1.2,1769929763392,1
180962848,16.135,27.1,1769929763392,1
180962849,16.134,33.3,1769929763392,1
180962850,16.133,34.1,1769929763392,1
180962851,16.132,2.1,1769929763394,1
180962852,16.131,9.1,1769929763395,1
180962853,16.13,0.5,1769929763395,1
180962854,16.133,0.7,1769929763398,0
180962855,16.134,0.7,1769929763398,0
180962856,16.136,3.7,1769929763398,0
180962857,16.137,1.1,1769929763398,0
180962858,16.129,11.7,1769929763399,1
180962859,16.136,5.7,1769929763405,0
180962860,16.137,11.7,1769929763405,0
180962861,16.138,11.0,1769929763405,0
180962862,16.139,4.1,1769929763405,0
180962863,16.14,5.1,1769929763405,0
180962864,16.135,1.4,1769929763414,0
180962865,16.134,1.2,1769929763449,1
180962866,16.133,4.1,1769929763477,1
180962867,16.132,13.1,1769929763477,1
180962868,16.131,18.0,1769929763480,1
180962869,16.13,1.2,1769929763482,1
180962870,16.129,15.1,1769929763488,1
180962871,16.128,5.0,1769929763546,1
180962872,16.127,8.8,1769929763546,1
180962873,16.126,17.3,1769929763546,1
180962874,16.125,3.6,1769929763546,1
180962875,16.124,7.7,1769929763546,1
180962876,16.123,2.9,1769929763546,1
180962877,16.122,9.5,1769929763546,1
180962878,16.123,0.4,1769929763548,1
180962879,16.129,0.7,1769929763555,0
180962880,16.13,0.5,1769929763555,0
180962881,16.134,8.7,1769929763555,0
180962882,16.126,5.7,1769929763558,1
180962883,16.125,14.1,1769929763558,1
180962884,16.124,2.6,1769929763558,1
180962885,16.134,6.4,1769929763575,0
180962886,16.135,13.6,1769929763575,0
180962887,16.126,1.0,1769929763579,1
180962888,16.134,1.0,1769929763598,0
180962889,16.135,8.4,1769929763598,0
180962890,16.136,0.7,1769929763601,0
180962891,16.137,31.6,1769929763601,0
180962892,16.138,18.7,1769929763601,0
180962893,16.139,14.7,1769929763601,0
180962894,16.14,35.7,1769929763601,0
180962895,16.141,12.9,1769929763601,0
180962896,16.142,28.1,1769929763601,0
180962897,16.143,39.4,1769929763601,0
180962898,16.144,13.5,1769929763601,0
180962899,16.145,29.5,1769929763601,0
180962900,16.146,128.5,1769929763601,0
180962901,16.147,33.9,1769929763601,0
180962902,16.148,32.9,1769929763601,0
180962903,16.149,1.8,1769929763601,0
180962904,16.15,4.3,1769929763601,0
180962905,16.151,1.8,1769929763601,0
180962906,16.152,18.4,1769929763601,0
180962907,16.153,79.8,1769929763601,0
180962908,16.154,24.8,1769929763601,0
180962909,16.155,31.1,1769929763601,0
180962910,16.156,29.0,1769929763601,0
180962911,16.134,1.2,1769929763603,0
180962912,16.139,16.0,1769929763603,0
180962913,16.141,21.7,1769929763603,0
180962914,16.147,1.2,1769929763607,0
180962915,16.148,1.2,1769929763611,0
180962916,16.144,2.1,1769929763621,0
180962917,16.148,0.7,1769929763621,0
180962918,16.149,0.7,1769929763621,0
180962919,16.15,2.7,1769929763622,0
180962920,16.151,1.1,1769929763662,0
180962921,16.152,6.9,1769929763662,0
180962922,16.153,1.1,1769929763664,0
180962923,16.152,11.8,1769929763668,1
180962924,16.151,1.1,1769929763668,1
180962925,16.153,1.6,1769929763668,0
180962926,16.151,0.1,1769929763671,1
180962927,16.15,1.7,1769929763671,1
180962928,16.153,0.3,1769929763671,0
180962929,16.154,0.7,1769929763671,0
180962930,16.155,14.6,1769929763671,0
180962931,16.154,0.6,1769929763673,0
180962932,16.155,6.7,1769929763707,0
180962933,16.156,0.7,1769929763707,0
180962934,16.157,8.5,1769929763707,0
180962935,16.158,7.9,1769929763707,0
180962936,16.159,1.8,1769929763712,0
180962937,16.16,13.0,1769929763712,0
180962938,16.161,14.2,1769929763712,0
180962939,16.162,0.7,1769929763712,0
180962940,16.163,1.8,1769929763712,0
180962941,16.164,19.7,1769929763712,0
180962942,16.165,3.9,1769929763712,0
180962943,16.164,1.2,1769929763716,1
180962944,16.16,3.0,1769929763716,1
180962945,16.158,3.6,1769929763716,1
180962946,16.157,3.0,1769929763716,1
180962947,16.155,12.9,1769929763718,0
180962948,16.156,0.7,1769929763737,0
180962949,16.161,1.1,1769929763737,0
180962950,16.163,1.1,1769929763737,0
180962951,16.164,3.7,1769929763737,0
180962952,16.156,11.4,1769929763739,1
180962953,16.155,26.4,1769929763739,1
180962954,16.163,0.2,1769929763760,0
180962955,16.157,2.1,1769929763804,1
180962956,16.156,1.2,1769929763804,1
180962957,16.159,1.2,1769929763831,1
180962958,16.163,20.7,1769929763831,0
180962959,16.164,5.7,1769929763831,0
180962960,16.165,10.9,1769929763831,0
180962961,16.166,1.2,1769929763831,0
180962962,16.167,2.4,1769929763831,0
180962963,16.168,5.7,1769929763831,0
180962964,16.169,44.0,1769929763831,0
180962965,16.17,4.7,1769929763831,0
180962966,16.171,6.8,1769929763831,0
180962967,16.172,7.3,1769929763831,0
180962968,16.173,33.7,1769929763831,0
180962969,16.174,6.1,1769929763831,0
180962970,16.175,34.7,1769929763831,0
180962971,16.176,8.4,1769929763831,0
180962972,16.174,3.0,1769929763834,1
180962973,16.173,2.0,1769929763834,1
180962974,16.166,1.7,1769929763840,1
180962975,16.162,16.7,1769929763853,1
180962976,16.16,19.0,1769929763853,1
180962977,16.159,6.4,1769929763853,1
180962978,16.165,3.4,1769929763885,0
180962979,16.159,10.2,1769929763891,1
180962980,16.158,16.2,1769929763891,1
180962981,16.157,27.1,1769929763891,1
180962982,16.156,16.2,1769929763891,1
180962983,16.155,17.3,1769929763891,1
180962984,16.154,43.8,1769929763891,1
180962985,16.153,0.7,1769929763930,1
180962986,16.152,16.3,1769929763930,1
180962987,16.151,3.0,1769929763930,1
180962988,16.15,37.9,1769929763930,1
180962989,16.149,2.2,1769929763931,1
180962990,16.148,16.7,1769929763931,1
180962991,16.147,5.6,1769929763932,1
180962992,16.146,34.9,1769929763943,1
180962993,16.145,2.2,1769929763944,1
180962994,16.147,4.5,1769929763945,0
180962995,16.148,6.7,1769929763945,0
180962996,16.149,0.7,1769929763947,0
180962997,16.15,4.8,1769929763947,0
180962998,16.149,6.1,1769929763948,1
180962999,16.147,5.0,1769929763948,1
180963000,16.148,0.6,1769929763973,1
180963001,16.149,5.0,1769929763983,1
180963002,16.148,0.1,1769929763983,1
180963003,16.147,17.5,1769929763983,1
180963004,16.146,26.5,1769929763983,1
180963005,16.152,1.2,1769929763993,0
180963006,16.153,0.7,1769929763993,0
180963007,16.154,0.7,1769929763993,0
180963008,16.155,17.2,1769929763993,0
180963009,16.156,0.7,1769929763993,0
180963010,16.157,2.3,1769929763993,0
180963011,16.158,5.6,1769929763993,0
180963012,16.151,1.2,1769929764013,1
180963013,16.15,6.0,1769929764028,1
180963014,16.149,0.7,1769929764028,1
180963015,16.152,1.2,1769929764052,1
180963016,16.151,0.7,1769929764052,1
180963017,16.15,15.6,1769929764052,1
180963018,16.149,25.2,1769929764052,1
180963019,16.148,7.4,1769929764052,1
180963020,16.147,1.8,1769929764052,1
180963021,16.146,0.7,1769929764052,1
180963022,16.145,10.4,1769929764052,1
180963023,16.144,15.5,1769929764052,1
180963024,16.143,0.7,1769929764052,1
180963025,16.144,0.7,1769929764061,1
180963026,16.152,61.9,1769929764064,0
180963027,16.153,3.6,1769929764064,0
180963028,16.154,12.4,1769929764064,0
180963029,16.155,20.2,1769929764064,0
180963030,16.156,12.2,1769929764064,0
180963031,16.153,21.5,1769929764066,0
180963032,16.154,0.7,1769929764066,0
180963033,16.155,1.8,1769929764066,0
180963034,16.157,14.7,1769929764066,0
180963035,16.158,26.1,1769929764066,0
180963036,16.153,1.2,1769929764069,0
180963037,16.156,6.8,1769929764069,0
180963038,16.158,27.5,1769929764069,0
180963039,16.159,19.3,1769929764069,0
180963040,16.16,2.1,1769929764069,0
180963041,16.152,6.0,1769929764108,1
180963042,16.151,13.6,1769929764108,1
180963043,16.15,5.2,1769929764108,1
180963044,16.154,1.2,1769929764140,1
180963045,16.153,0.7,1769929764140,1
180963046,16.152,16.0,1769929764140,1
180963047,16.151,0.7,1769929764140,1
180963048,16.15,12.3,1769929764140,1
180963049,16.155,11.7,1769929764188,0
180963050,16.156,14.7,1769929764188,0
180963051,16.152,6.0,1769929764192,1
180963052,16.151,1.2,1769929764193,1
180963053,16.15,0.7,1769929764193,1
180963054,16.149,1.8,1769929764193,1
180963055,16.148,23.2,1769929764193,1
180963056,16.147,4.2,1769929764193,1
180963057,16.146,31.5,1769929764193,1
180963058,16.145,14.2,1769929764193,1
180963059,16.144,12.9,1769929764193,1
180963060,16.143,130.8,1769929764193,1
180963061,16.142,34.6,1769929764193,1
180963062,16.141,8.7,1769929764193,1
180963063,16.14,18.5,1769929764193,1
180963064,16.139,64.2,1769929764193,1
180963065,16.138,46.8,1769929764193,1
180963066,16.137,3.3,1769929764193,1
180963067,16.136,158.2,1769929764193,1
180963068,16.135,73.0,1769929764193,1
180963069,16.134,7.7,1769929764193,1
180963070,16.133,5.6,1769929764194,1
180963071,16.132,41.1,1769929764194,1
180963072,16.131,5.9,1769929764195,1
180963073,16.13,1.2,1769929764195,1
180963074,16.129,1.8,1769929764197,1
180963075,16.128,11.0,1769929764197,1
180963076,16.127,34.3,1769929764198,1
180963077,16.126,0.7,1769929764203,1
180963078,16.125,3.4,1769929764203,1
180963079,16.124,12.4,1769929764221,1
180963080,16.123,3.7,1769929764223,1
180963081,16.122,3.2,1769929764223,1
180963082,16.121,3.0,1769929764223,1
180963083,16.12,2.3,1769929764225,1
180963084,16.119,1.8,1769929764232,1
180963085,16.118,6.9,1769929764232,1
180963086,16.117,1.8,1769929764232,1
180963087,16.116,2.0,1769929764233,1
180963088,16.117,6.0,1769929764234,0
180963089,16.118,5.2,1769929764234,0
180963090,16.119,6.0,1769929764234,0
180963091,16.12,0.9,1769929764234,0
180963092,16.115,1.8,1769929764236,1
180963093,16.114,0.7,1769929764236,1
180963094,16.113,27.5,1769929764237,1
180963095,16.112,0.7,1769929764237,1
180963096,16.118,5.0,1769929764237,0
180963097,16.116,0.8,1769929764239,1
180963098,16.114,0.8,1769929764239,1
180963099,16.111,1.8,1769929764239,1
180963100,16.11,1.5,1769929764239,1
180963101,16.109,1.8,1769929764239,1
180963102,16.108,1.7,1769929764239,1
180963103,16.107,4.9,1769929764239,1
180963104,16.114,0.4,1769929764239,1
180963105,16.109,1.2,1769929764243,1
180963106,16.106,65.1,1769929764243,1
180963107,16.105,0.8,1769929764243,1
180963108,16.109,6.0,1769929764253,0
180963109,16.111,7.2,1769929764253,0
180963110,16.113,4.8,1769929764253,0
180963111,16.114,6.0,1769929764253,0
180963112,16.115,6.1,1769929764253,0
180963113,16.116,12.4,1769929764253,0
180963114,16.117,6.0,1769929764253,0
180963115,16.118,7.8,1769929764253,0
180963116,16.119,20.2,1769929764253,0
180963117,16.12,38.4,1769929764253,0
180963118,16.121,15.6,1769929764253,0
180963119,16.122,4.6,1769929764253,0
180963120,16.11,1.2,1769929764256,0
180963121,16.112,12.2,1769929764256,0
180963122,16.116,6.0,1769929764275,1
180963123,16.115,12.4,1769929764276,1
180963124,16.114,25.2,1769929764276,1
180963125,16.113,8.2,1769929764278,1
180963126,16.112,12.4,1769929764278,1
180963127,16.111,31.0,1769929764278,1
180963128,16.11,6.0,1769929764278,1
180963129,16.109,21.6,1769929764278,1
180963130,16.108,6.0,1769929764278,1
180963131,16.107,11.8,1769929764278,1
180963132,16.106,9.7,1769929764280,1
180963133,16.105,0.7,1769929764286,1
180963134,16.104,1.2,1769929764287,1
180963135,16.103,5.0,1769929764289,1
180963136,16.107,3.9,1769929764296,0
180963137,16.108,0.7,1769929764319,0
180963138,16.109,0.7,1769929764322,0
180963139,16.109,11.9,1769929764344,1
180963140,16.108,0.7,1769929764347,1
180963141,16.107,1.8,1769929764350,1
180963142,16.105,17.2,1769929764350,1
180963143,16.104,14.3,1769929764350,1
180963144,16.103,1.8,1769929764350,1
180963145,16.102,6.1,1769929764350,1
180963146,16.101,2.2,1769929764350,1
180963147,16.1,3.0,1769929764350,1
180963148,16.099,6.8,1769929764350,1
180963149,16.098,27.2,1769929764350,1
180963150,16.097,29.0,1769929764350,1
180963151,16.096,25.6,1769929764350,1
180963152,16.095,54.8,1769929764350,1
180963153,16.094,62.5,1769929764350,1
180963154,16.093,35.9,1769929764350,1
180963155,16.099,0.4,1769929764352,1
180963156,16.102,0.4,1769929764359,1
180963157,16.103,15.7,1769929764359,0
180963158,16.104,0.5,1769929764359,0
180963159,16.105,8.5,1769929764359,0
180963160,16.107,7.2,1769929764359,0
180963161,16.108,20.3,1769929764359,0
180963162,16.103,0.4,1769929764359,1
180963163,16.108,9.9,1769929764359,0
180963164,16.106,8.6,1769929764360,0
180963165,16.107,11.5,1769929764360,0
180963166,16.103,0.4,1769929764361,1
180963167,16.109,33.9,1769929764361,0
180963168,16.11,26.4,1769929764361,0
180963169,16.112,8.7,1769929764362,0
180963170,16.113,6.2,1769929764362,0
180963171,16.114,11.5,1769929764362,0
180963172,16.108,12.0,1769929764362,0
180963173,16.108,6.2,1769929764364,1
180963174,16.109,1.2,1769929764364,0
180963175,16.114,26.4,1769929764364,0
180963176,16.115,34.2,1769929764364,0
180963177,16.11,3.7,1769929764365,1
180963178,16.108,14.5,1769929764365,1
180963179,16.107,21.3,1769929764365,1
180963180,16.106,18.4,1769929764365,1
180963181,16.105,15.9,1769929764365,1
180963182,16.104,6.1,1769929764365,1
180963183,16.103,5.8,1769929764365,1
180963184,16.117,2.7,1769929764365,0
180963185,16.114,5.5,1769929764390,1
180963186,16.113,0.7,1769929764390,1
180963187,16.118,3.1,1769929764405,0
180963188,16.119,0.7,1769929764405,0
180963189,16.12,5.7,1769929764405,0
180963190,16.121,0.7,1769929764405,0
180963191,16.122,4.2,1769929764405,0
180963192,16.12,0.7,1769929764412,0
180963193,16.121,0.7,1769929764412,0
180963194,16.122,5.8,1769929764412,0
180963195,16.123,0.7,1769929764412,0
180963196,16.124,38.3,1769929764412,0
180963197,16.121,23.5,1769929764414,0
180963198,16.116,0.7,1769929764492,1
180963199,16.115,1.8,1769929764492,1
180963200,16.114,16.8,1769929764492,1
180963201,16.113,18.3,1769929764492,1
180963202,16.112,0.7,1769929764492,1
180963203,16.111,3.0,1769929764492,1
180963204,16.11,0.7,1769929764492,1
180963205,16.109,19.3,1769929764492,1
180963206,16.112,0.5,1769929764519,1
180963207,16.116,0.7,1769929764567,0
180963208,16.117,12.4,1769929764567,0
180963209,16.118,0.7,1769929764567,0
180963210,16.119,45.5,1769929764567,0
180963211,16.12,3.0,1769929764567,0
180963212,16.119,0.7,1769929764567,0
180963213,16.12,23.2,1769929764567,0
180963214,16.121,9.1,1769929764567,0
180963215,16.122,9.7,1769929764567,0
180963216,16.123,1.9,1769929764568,0
180963217,16.124,9.5,1769929764568,0
180963218,16.125,35.6,1769929764570,0
180963219,16.126,5.0,1769929764572,0
180963220,16.122,37.2,1769929764700,1
180963221,16.121,0.7,1769929764711,1
180963222,16.121,6.1,1769929764713,0
180963223,16.121,16.0,1769929764715,1
180963224,16.124,1.9,1769929764715,0
180963225,16.121,21.2,1769929764716,1
180963226,16.124,3.0,1769929764719,1
180963227,16.123,6.8,1769929764744,1
180963228,16.123,51.8,1769929764764,0
180963229,16.122,21.7,1769929764786,1
180963230,16.121,3.3,1769929764789,1
180963231,16.123,3.4,1769929764795,0
180963232,16.124,0.8,1769929764795,0
180963233,16.122,12.5,1769929764828,1
180963234,16.122,2.5,1769929764910,0
180963235,16.123,5.0,1769929764910,0
180963236,16.124,7.5,1769929764910,0
180963237,16.121,5.4,1769929764911,1
180963238,16.12,0.7,1769929764911,1
180963239,16.119,39.5,1769929764911,1
180963240,16.118,22.5,1769929764911,1
180963241,16.117,23.9,1769929764911,1
180963242,16.116,13.5,1769929764911,1
180963243,16.115,158.3,1769929764911,1
180963244,16.114,38.3,1769929764911,1
180963245,16.113,12.5,1769929764911,1
180963246,16.112,1.8,1769929764911,1
180963247,16.111,1.8,1769929764911,1
180963248,16.11,4.1,1769929764911,1
180963249,16.109,93.1,1769929764911,1
180963250,16.108,11.9,1769929764911,1
180963251,16.107,142.1,1769929764911,1
180963252,16.106,7.2,1769929764911,1
180963253,16.105,36.2,1769929764911,1
180963254,16.104,6.2,1769929764911,1
180963255,16.113,1.2,1769929764912,1
180963256,16.109,2.5,1769929764912,1
180963257,16.113,1.2,1769929764914,1
180963258,16.106,6.2,1769929764916,1
180963259,16.105,6.2,1769929764926,1
180963260,16.104,5.2,1769929764941,1
180963261,16.106,1.4,1769929764954,1
180963262,16.105,0.7,1769929764954,1
180963263,16.104,25.1,1769929764954,1
180963264,16.103,0.7,1769929764955,1
180963265,16.102,1.1,1769929764956,1
180963266,16.101,1.8,1769929764957,1
180963267,16.1,0.7,1769929764957,1
180963268,16.099,2.9,1769929764957,1
180963269,16.098,2.3,1769929764957,1
180963270,16.097,8.3,1769929764958,1
180963271,16.096,4.2,1769929764993,1
180963272,16.095,3.5,1769929765011,1
180963273,16.094,0.7,1769929765011,1
180963274,16.093,1.8,1769929765011,1
180963275,16.092,0.7,1769929765014,1
180963276,16.091,4.2,1769929765014,1
180963277,16.089,17.5,1769929765014,1
180963278,16.087,1.1,1769929765014,1
180963279,16.086,37.7,1769929765014,1
180963280,16.085,15.5,1769929765014,1
180963281,16.083,1.1,1769929765046,1
180963282,16.082,1.3,1769929765046,1
180963283,16.081,1.8,1769929765046,1
180963284,16.08,3.9,1769929765046,1
180963285,16.079,36.9,1769929765046,1
180963286,16.087,7.4,1769929765046,0
180963287,16.088,4.3,1769929765046,0
180963288,16.089,5.7,1769929765046,0
180963289,16.09,27.9,1769929765046,0
180963290,16.091,30.4,1769929765046,0
180963291,16.092,11.8,1769929765046,0
180963292,16.093,18.4,1769929765046,0
180963293,16.094,36.4,1769929765046,0
180963294,16.095,9.5,1769929765046,0
180963295,16.096,6.0,1769929765046,0
180963296,16.097,56.3,1769929765046,0
180963297,16.098,40.2,1769929765047,0
180963298,16.099,37.2,1769929765047,0
180963299,16.1,12.4,1769929765047,0
180963300,16.101,55.3,1769929765047,0
180963301,16.102,138.4,1769929765047,0
180963302,16.103,20.3,1769929765047,0
180963303,16.104,22.7,1769929765047,0
180963304,16.105,38.0,1769929765047,0
180963305,16.106,30.1,1769929765047,0
180963306,16.107,61.8,1769929765047,0
180963307,16.108,12.7,1769929765047,0
180963308,16.109,131.0,1769929765047,0
180963309,16.11,0.7,1769929765047,0
180963310,16.111,21.3,1769929765047,0
180963311,16.112,24.3,1769929765047,0
180963312,16.113,15.9,1769929765047,0
180963313,16.114,14.1,1769929765047,0
180963314,16.115,41.7,1769929765047,0
180963315,16.116,164.9,1769929765047,0
180963316,16.117,9.4,1769929765047,0
180963317,16.118,2.5,1769929765047,0
180963318,16.119,31.0,1769929765047,0
180963319,16.12,68.4,1769929765047,0
180963320,16.121,19.9,1769929765047,0
180963321,16.122,43.9,1769929765047,0
180963322,16.123,82.3,1769929765047,0
180963323,16.124,14.9,1769929765047,0
180963324,16.125,25.4,1769929765047,0
180963325,16.126,32.0,1769929765047,0
180963326,16.127,133.7,1769929765047,0
180963327,16.128,43.5,1769929765047,0
180963328,16.129,10.1,1769929765047,0
180963329,16.13,43.9,1769929765047,0
180963330,16.131,9.8,1769929765047,0
180963331,16.132,17.5,1769929765047,0
180963332,16.133,191.4,1769929765047,0
180963333,16.134,484.3,1769929765047,0
180963334,16.135,48.8,1769929765047,0
180963335,16.136,0.7,1769929765047,0
180963336,16.137,3.0,1769929765047,0
180963337,16.138,5.7,1769929765047,0
180963338,16.139,2.3,1769929765047,0
180963339,16.14,57.2,1769929765047,0
180963340,16.141,233.7,1769929765047,0
180963341,16.142,5.7,1769929765047,0
180963342,16.143,39.4,1769929765047,0
180963343,16.144,37.2,1769929765048,0
180963344,16.145,2.3,1769929765048,0
180963345,16.146,1.1,1769929765048,0
180963346,16.147,73.4,1769929765048,0
180963347,16.148,32.2,1769929765048,0
180963348,16.149,12.4,1769929765048,0
180963349,16.15,121.7,1769929765048,0
180963350,16.151,126.3,1769929765048,0
180963351,16.1,1.2,1769929765049,0
180963352,16.101,33.3,1769929765049,0
180963353,16.102,1.7,1769929765049,0
180963354,16.11,3.0,1769929765049,0
180963355,16.113,1.2,1769929765049,0
180963356,16.121,9.7,1769929765049,0
180963357,16.097,1.5,1769929765050,1
180963358,16.121,10.9,1769929765050,0
180963359,16.122,17.7,1769929765050,0
180963360,16.125,18.1,1769929765050,0
180963361,16.126,1.2,1769929765050,0
180963362,16.129,23.6,1769929765050,0
180963363,16.13,3.2,1769929765050,0
180963364,16.131,1.6,1769929765050,0
180963365,16.132,26.7,1769929765050,0
180963366,16.135,46.0,1769929765050,0
180963367,16.138,41.2,1769929765050,0
180963368,16.139,23.6,1769929765050,0
180963369,16.14,1.6,1769929765050,0
180963370,16.146,23.6,1769929765051,0
180963371,16.15,12.8,1769929765051,0
180963372,16.151,0.7,1769929765051,0
180963373,16.152,0.7,1769929765051,0
180963374,16.153,1.9,1769929765051,0
180963375,16.154,2.3,1769929765051,0
180963376,16.154,0.6,1769929765051,1
180963377,16.155,36.3,1769929765052,0
180963378,16.154,58.2,1769929765053,1
180963379,16.155,5.0,1769929765053,0
180963380,16.156,31.4,1769929765053,0
180963381,16.157,3.6,1769929765053,0
180963382,16.15,39.2,1769929765053,1
180963383,16.146,1.2,1769929765053,1
180963384,16.141,22.4,1769929765053,1
180963385,16.15,5.2,1769929765055,0
180963386,16.151,6.3,1769929765055,0
180963387,16.154,1.5,1769929765055,0
180963388,16.155,13.6,1769929765055,0
180963389,16.157,1.2,1769929765055,0
180963390,16.158,0.7,1769929765055,0
180963391,16.153,22.4,1769929765055,1
180963392,16.148,0.5,1769929765058,0
180963393,16.141,22.4,1769929765062,1
180963394,16.14,0.7,1769929765064,1
180963395,16.139,5.3,1769929765064,1
180963396,16.136,6.2,1769929765072,1
180963397,16.135,22.4,1769929765072,1
180963398,16.136,4.4,1769929765074,1
180963399,16.14,2.1,1769929765075,0
180963400,16.141,17.5,1769929765075,0
180963401,16.142,14.3,1769929765076,0
180963402,16.143,18.6,1769929765076,0
180963403,16.144,0.7,1769929765076,0
180963404,16.145,8.6,1769929765076,0
180963405,16.146,37.9,1769929765076,0
180963406,16.147,100.4,1769929765076,0
180963407,16.135,0.7,1769929765077,1
180963408,16.136,3.0,1769929765079,1
180963409,16.135,4.4,1769929765079,1
180963410,16.133,6.1,1769929765080,1
180963411,16.135,4.3,1769929765081,1
180963412,16.133,13.9,1769929765081,1
180963413,16.131,3.0,1769929765082,1
180963414,16.142,12.9,1769929765082,0
180963415,16.131,4.3,1769929765082,1
180963416,16.14,5.6,1769929765084,0
180963417,16.14,11.1,1769929765086,1
180963418,16.141,18.8,1769929765087,0
180963419,16.142,0.7,1769929765087,0
180963420,16.143,31.6,1769929765087,0
180963421,16.144,0.7,1769929765087,0
180963422,16.146,31.2,1769929765087,0
180963423,16.136,3.9,1769929765091,1
180963424,16.141,7.7,1769929765093,0
180963425,16.139,3.0,1769929765095,0
180963426,16.141,48.3,1769929765095,0
180963427,16.142,2.3,1769929765095,0
180963428,16.144,15.6,1769929765095,0
180963429,16.145,24.8,1769929765095,0
180963430,16.146,8.7,1769929765095,0
180963431,16.148,4.2,1769929765095,0
180963432,16.149,70.9,1769929765096,1
180963433,16.148,5.3,1769929765097,1
180963434,16.147,0.7,1769929765099,1
180963435,16.147,9.6,1769929765104,0
180963436,16.148,12.4,1769929765104,0
180963437,16.149,2.3,1769929765104,0
180963438,16.147,9.6,1769929765105,1
180963439,16.146,4.6,1769929765105,1
180963440,16.145,111.0,1769929765105,1
180963441,16.148,4.4,1769929765106,0
180963442,16.155,1.2,1769929765107,0
180963443,16.156,21.5,1769929765107,0
180963444,16.155,1.2,1769929765111,0
180963445,16.156,20.9,1769929765111,0
180963446,16.157,6.3,1769929765111,0
180963447,16.158,16.8,1769929765111,0
180963448,16.159,1.1,1769929765111,0
180963449,16.16,19.4,1769929765111,0
180963450,16.161,13.1,1769929765111,0
180963451,16.162,0.7,1769929765111,0
180963452,16.163,27.9,1769929765111,0
180963453,16.164,0.7,1769929765111,0
180963454,16.165,0.7,1769929765111,0
180963455,16.166,34.7,1769929765111,0
180963456,16.167,0.7,1769929765111,0
180963457,16.168,46.7,1769929765111,0
180963458,16.155,9.3,1769929765114,0
180963459,16.163,2.5,1769929765117,0
180963460,16.159,0.7,1769929765122,1
180963461,16.158,0.7,1769929765122,1
180963462,16.157,17.0,1769929765122,1
180963463,16.156,28.4,1769929765122,1
180963464,16.155,52.9,1769929765123,1
180963465,16.154,45.7,1769929765123,1
180963466,16.153,9.6,1769929765123,1
180963467,16.152,6.6,1769929765123,1
180963468,16.151,26.8,1769929765123,1
180963469,16.15,8.5,1769929765123,1
180963470,16.149,6.2,1769929765123,1
180963471,16.148,6.6,1769929765123,1
180963472,16.147,22.0,1769929765123,1
180963473,16.146,1.5,1769929765123,1
180963474,16.145,37.0,1769929765123,1
180963475,16.144,60.7,1769929765123,1
180963476,16.143,4.0,1769929765123,1
180963477,16.156,16.2,1769929765124,1
180963478,16.155,1.2,1769929765125,1
180963479,16.157,6.2,1769929765126,1
180963480,16.156,5.0,1769929765134,0
180963481,16.157,18.4,1769929765134,0
180963482,16.158,5.0,1769929765134,0
180963483,16.159,8.1,1769929765134,0
180963484,16.16,17.6,1769929765134,0
180963485,16.161,27.5,1769929765134,0
180963486,16.162,10.8,1769929765134,0
180963487,16.163,0.7,1769929765134,0
180963488,16.164,6.9,1769929765134,0
180963489,16.153,0.6,1769929765149,1
180963490,16.154,12.8,1769929765165,1
180963491,16.152,1.2,1769929765165,1
180963492,16.151,32.5,1769929765165,1
180963493,16.153,1.2,1769929765167,1
180963494,16.151,8.8,1769929765167,1
180963495,16.15,28.7,1769929765167,1
180963496,16.152,1.2,1769929765170,1
180963497,16.155,22.1,1769929765172,0
180963498,16.158,6.8,1769929765172,0
180963499,16.159,2.0,1769929765172,0
180963500,16.153,6.2,1769929765201,1
180963501,16.152,1.2,1769929765201,1
180963502,16.156,1.2,1769929765205,1
180963503,16.155,1.2,1769929765208,1
180963504,16.159,0.3,1769929765217,0
180963505,16.154,1.2,1769929765217,1
180963506,16.153,1.9,1769929765232,1
180963507,16.151,1.5,1769929765232,1
180963508,16.15,0.7,1769929765232,1
180963509,16.149,13.1,1769929765232,1
180963510,16.148,26.5,1769929765232,1
180963511,16.153,10.0,1769929765270,0
180963512,16.152,12.4,1769929765285,0
180963513,16.153,5.7,1769929765298,0
180963514,16.147,12.4,1769929765306,1
180963515,16.146,2.6,1769929765321,1
180963516,16.145,16.0,1769929765321,1
180963517,16.148,1.2,1769929765322,0
180963518,16.145,16.2,1769929765324,1
180963519,16.148,0.7,1769929765325,0
180963520,16.144,19.7,1769929765326,1
180963521,16.145,6.8,1769929765343,0
180963522,16.147,10.9,1769929765343,0
180963523,16.148,0.7,1769929765343,0
180963524,16.149,7.5,1769929765343,0
180963525,16.15,5.3,1769929765343,0
180963526,16.147,0.9,1769929765351,0
180963527,16.143,10.8,1769929765352,1
180963528,16.142,44.4,1769929765352,1
180963529,16.141,0.7,1769929765354,1
180963530,16.14,0.7,1769929765354,1
180963531,16.139,1.6,1769929765356,1
180963532,16.138,3.8,1769929765356,1
180963533,16.137,15.1,1769929765358,1
180963534,16.14,6.0,1769929765363,0
180963535,16.141,10.6,1769929765363,0
180963536,16.142,0.7,1769929765363,0
180963537,16.147,5.9,1769929765363,0
180963538,16.148,18.7,1769929765363,0
180963539,16.147,33.7,1769929765421,0
180963540,16.148,36.7,1769929765432,0
180963541,16.149,9.0,1769929765432,0
180963542,16.15,2.9,1769929765438,0
180963543,16.151,9.8,1769929765445,0
180963544,16.152,0.7,1769929765447,0
180963545,16.153,13.3,1769929765447,0
180963546,16.154,83.9,1769929765451,0
180963547,16.147,0.9,1769929765454,1
180963548,16.154,8.5,1769929765455,0
180963549,16.155,1.8,1769929765455,0
180963550,16.156,0.7,1769929765459,0
180963551,16.157,1.2,1769929765462,0
180963552,16.158,1.1,1769929765462,0
180963553,16.159,0.7,1769929765462,0
180963554,16.16,13.1,1769929765462,0
180963555,16.161,1.1,1769929765464,0
180963556,16.162,3.0,1769929765464,0
180963557,16.163,22.1,1769929765464,0
180963558,16.164,1.9,1769929765465,0
180963559,16.165,0.7,1769929765465,0
180963560,16.166,7.3,1769929765465,0
180963561,16.167,1.1,1769929765465,0
180963562,16.168,37.7,1769929765465,0
180963563,16.169,7.6,1769929765465,0
180963564,16.17,5.7,1769929765465,0
180963565,16.171,18.5,1769929765465,0
180963566,16.172,5.7,1769929765465,0
180963567,16.173,46.2,1769929765465,0
180963568,16.163,20.6,1769929765469,0
180963569,16.166,1.2,1769929765508,0
180963570,16.167,0.7,1769929765508,0
180963571,16.168,6.1,1769929765508,0
180963572,16.167,4.6,1769929765525,1
180963573,16.166,6.0,1769929765525,1
180963574,16.165,1.4,1769929765525,1
180963575,16.164,5.1,1769929765525,1
180963576,16.168,7.8,1769929765530,0
180963577,16.169,0.7,1769929765535,0
180963578,16.166,18.6,1769929765571,1
180963579,16.168,0.7,1769929765572,1
180963580,16.167,0.7,1769929765572,1
180963581,16.165,16.9,1769929765572,1
180963582,16.164,0.7,1769929765572,1
180963583,16.163,1.9,1769929765597,1
180963584,16.162,0.7,1769929765597,1
180963585,16.161,1.1,1769929765600,1
180963586,16.16,6.9,1769929765600,1
180963587,16.162,6.0,1769929765601,0
180963588,16.163,7.7,1769929765601,0
180963589,16.165,13.0,1769929765601,0
180963590,16.166,36.0,1769929765601,0
180963591,16.167,2.1,1769929765601,0
180963592,16.159,41.4,1769929765613,1
180963593,16.158,1.1,1769929765618,1
180963594,16.157,7.3,1769929765618,1
180963595,16.162,1.3,1769929765625,0
180963596,16.157,1.1,1769929765632,1
180963597,16.156,0.7,1769929765632,1
180963598,16.155,0.7,1769929765632,1
180963599,16.154,2.5,1769929765632,1
180963600,16.153,3.9,1769929765646,1
180963601,16.152,6.9,1769929765646,1
180963602,16.151,0.5,1769929765646,1
180963603,16.152,6.2,1769929765649,1
180963604,16.151,25.5,1769929765649,1
180963605,16.162,4.7,1769929765659,0
180963606,16.163,6.3,1769929765659,0
180963607,16.155,1.6,1769929765674,1
180963608,16.154,7.5,1769929765674,1
180963609,16.155,7.9,1769929765685,1
180963610,16.154,56.4,1769929765685,1
180963611,16.153,2.7,1769929765685,1
180963612,16.152,5.9,1769929765685,1
180963613,16.151,13.1,1769929765685,1
180963614,16.15,35.9,1769929765685,1
180963615,16.149,3.2,1769929765685,1
180963616,16.148,16.7,1769929765685,1
180963617,16.147,60.4,1769929765685,1
180963618,16.146,37.7,1769929765686,1
180963619,16.145,16.1,1769929765686,1
180963620,16.156,1.3,1769929765688,1
180963621,16.156,2.5,1769929765717,0
180963622,16.157,14.1,1769929765717,0
180963623,16.158,14.6,1769929765717,0
180963624,16.156,7.8,1769929765742,1
180963625,16.155,16.0,1769929765742,1
180963626,16.154,0.7,1769929765742,1
180963627,16.153,21.9,1769929765742,1
180963628,16.152,19.3,1769929765742,1
180963629,16.151,31.5,1769929765742,1
180963630,16.15,26.7,1769929765742,1
180963631,16.151,1.2,1769929765777,1
180963632,16.15,0.7,1769929765780,1
180963633,16.149,0.7,1769929765780,1
180963634,16.148,28.5,1769929765780,1
180963635,16.147,21.0,1769929765780,1
180963636,16.146,7.7,1769929765780,1
180963637,16.145,3.0,1769929765780,1
180963638,16.144,1.8,1769929765780,1
180963639,16.143,0.7,1769929765780,1
180963640,16.142,39.7,1769929765780,1
180963641,16.141,9.1,1769929765780,1
180963642,16.14,12.2,1769929765780,1
180963643,16.139,2.3,1769929765780,1
180963644,16.138,1.8,1769929765780,1
180963645,16.137,28.3,1769929765780,1
180963646,16.136,81.8,1769929765780,1
180963647,16.135,3.1,1769929765780,1
180963648,16.134,1.8,1769929765780,1
180963649,16.133,0.7,1769929765780,1
180963650,16.132,43.6,1769929765780,1
180963651,16.131,3.4,1769929765780,1
180963652,16.13,22.8,1769929765780,1
180963653,16.129,20.6,1769929765780,1
180963654,16.128,55.0,1769929765780,1
180963655,16.127,10.9,1769929765780,1
180963656,16.126,6.3,1769929765780,1
180963657,16.125,8.2,1769929765780,1
180963658,16.124,10.9,1769929765780,1
180963659,16.123,7.4,1769929765780,1
180963660,16.122,20.8,1769929765780,1
180963661,16.121,23.6,1769929765780,1
180963662,16.12,6.1,1769929765780,1
180963663,16.119,18.7,1769929765780,1
180963664,16.118,18.8,1769929765780,1
180963665,16.117,12.6,1769929765780,1
180963666,16.116,7.6,1769929765780,1
180963667,16.115,7.4,1769929765780,1
180963668,16.114,13.7,1769929765780,1
180963669,16.113,7.2,1769929765780,1
180963670,16.112,8.3,1769929765780,1
180963671,16.111,6.7,1769929765780,1
180963672,16.11,6.7,1769929765780,1
180963673,16.109,6.3,1769929765780,1
180963674,16.108,6.3,1769929765780,1
180963675,16.107,36.4,1769929765780,1
180963676,16.106,12.4,1769929765780,1
180963677,16.104,3.0,1769929765780,1
180963678,16.1,1.1,1769929765780,1
180963679,16.099,25.7,1769929765780,1
180963680,16.098,6.3,1769929765780,1
180963681,16.097,25.4,1769929765780,1
180963682,16.095,45.9,1769929765780,1
180963683,16.094,1.2,1769929765780,1
180963684,16.093,1.6,1769929765780,1
180963685,16.092,0.4,1769929765780,1
180963686,16.091,6.5,1769929765780,1
180963687,16.087,0.4,1769929765780,1
180963688,16.086,66.9,1769929765780,1
180963689,16.112,27.8,1769929765782,1
180963690,16.111,1.7,1769929765782,1
180963691,16.107,1.2,1769929765782,1
180963692,16.094,1.2,1769929765782,1
180963693,16.087,14.9,1769929765783,1
180963694,16.086,31.4,1769929765783,1
180963695,16.083,1.1,1769929765783,1
180963696,16.082,0.6,1769929765783,1
180963697,16.08,8.7,1769929765783,1
180963698,16.079,47.5,1769929765783,1
180963699,16.087,4.3,1769929765783,1
180963700,16.079,13.0,1769929765783,1
180963701,16.078,0.4,1769929765783,1
180963702,16.077,1.8,1769929765783,1
180963703,16.076,3.8,1769929765783,1
180963704,16.075,28.9,1769929765783,1
180963705,16.073,0.4,1769929765785,1
180963706,16.072,0.9,1769929765785,1
180963707,16.071,0.5,1769929765785,1
180963708,16.069,5.0,1769929765785,1
180963709,16.076,0.7,1769929765787,0
180963710,16.077,0.7,1769929765787,0
180963711,16.08,120.6,1769929765787,0
180963712,16.075,13.0,1769929765787,1
180963713,16.074,0.4,1769929765788,1
180963714,16.076,20.6,1769929765788,0
180963715,16.078,7.5,1769929765789,0
180963716,16.08,9.6,1769929765789,0
180963717,16.085,6.6,1769929765790,0
180963718,16.086,35.1,1769929765794,0
180963719,16.087,10.5,1769929765794,0
180963720,16.086,7.4,1769929765794,0
180963721,16.087,110.1,1769929765794,0
180963722,16.084,29.3,1769929765795,1
180963723,16.085,33.3,1769929765796,1
180963724,16.089,9.4,1769929765796,0
180963725,16.09,10.6,1769929765796,0
180963726,16.092,4.0,1769929765797,0
180963727,16.094,1.2,1769929765797,0
180963728,16.095,9.1,1769929765797,0
180963729,16.095,34.1,1769929765804,1
180963730,16.094,8.9,1769929765804,1
180963731,16.097,20.8,1769929765806,0
180963732,16.091,37.1,1769929765811,1
180963733,16.09,4.4,1769929765811,1
180963734,16.089,39.4,1769929765813,1
180963735,16.093,0.7,1769929765817,0
180963736,16.094,0.7,1769929765817,0
180963737,16.095,1.2,1769929765817,0
180963738,16.097,6.0,1769929765817,0
180963739,16.098,7.6,1769929765817,0
180963740,16.1,1.5,1769929765817,0
180963741,16.09,4.0,1769929765818,1
180963742,16.088,0.7,1769929765818,1
180963743,16.087,0.7,1769929765818,1
180963744,16.086,19.9,1769929765818,1
180963745,16.087,6.1,1769929765825,1
180963746,16.086,2.1,1769929765825,1
180963747,16.085,6.2,1769929765826,1
180963748,16.084,4.3,1769929765826,1
180963749,16.087,2.1,1769929765826,1
180963750,16.084,6.2,1769929765826,1
180963751,16.083,38.5,1769929765827,1
180963752,16.085,4.0,1769929765828,1
180963753,16.083,3.6,1769929765828,1
180963754,16.082,0.7,1769929765833,1
180963755,16.081,0.7,1769929765833,1
180963756,16.08,4.6,1769929765833,1
180963757,16.079,5.1,1769929765833,1
180963758,16.078,12.4,1769929765833,1
180963759,16.077,1.7,1769929765834,1
180963760,16.076,1.2,1769929765835,1
180963761,16.075,1.1,1769929765835,1
180963762,16.088,11.2,1769929765838,0
180963763,16.089,0.2,1769929765838,0
180963764,16.086,0.5,1769929765843,0
180963765,16.087,0.7,1769929765843,0
180963766,16.088,0.7,1769929765843,0
180963767,16.089,2.7,1769929765843,0
180963768,16.088,11.0,1769929765843,0
180963769,16.089,9.5,1769929765843,0
180963770,16.091,0.7,1769929765844,0
180963771,16.092,16.2,1769929765844,0
180963772,16.093,13.6,1769929765844,0
180963773,16.095,43.9,1769929765844,0
180963774,16.096,18.3,1769929765844,0
180963775,16.095,1.2,1769929765848,0
180963776,16.097,14.2,1769929765848,0
180963777,16.094,2.7,1769929765849,1
180963778,16.093,0.7,1769929765854,1
180963779,16.092,0.7,1769929765854,1
180963780,16.091,6.0,1769929765854,1
180963781,16.094,16.3,1769929765856,1
180963782,16.089,1.1,1769929765857,1
180963783,16.095,1.2,1769929765857,0
180963784,16.091,8.4,1769929765858,1
180963785,16.089,31.9,1769929765858,1
180963786,16.087,16.0,1769929765858,1
180963787,16.086,0.5,1769929765858,1
180963788,16.085,25.0,1769929765858,1
180963789,16.084,0.7,1769929765877,1
180963790,16.087,51.5,1769929765880,1
180963791,16.092,0.1,1769929765881,0
180963792,16.087,6.3,1769929765882,1
180963793,16.092,1.1,1769929765890,0
180963794,16.093,0.7,1769929765890,0
180963795,16.094,2.8,1769929765890,0
180963796,16.093,3.0,1769929765893,1
180963797,16.088,6.2,1769929765910,1
180963798,16.087,28.7,1769929765910,1
180963799,16.094,0.2,1769929765914,0
180963800,16.086,0.7,1769929765960,1
180963801,16.085,76.4,1769929765960,1
180963802,16.084,0.7,1769929765980,1
180963803,16.083,0.7,1769929765980,1
180963804,16.092,0.2,1769929765983,0
180963805,16.091,1.6,1769929766003,1
180963806,16.082,1.8,1769929766028,1
180963807,16.087,6.0,1769929766079,0
180963808,16.088,20.8,1769929766079,0
180963809,16.089,4.0,1769929766079,0
180963810,16.087,1.8,1769929766102,1
180963811,16.088,13.1,1769929766102,0
180963812,16.089,28.2,1769929766103,0
180963813,16.09,13.4,1769929766105,0
180963814,16.091,8.4,1769929766105,0
180963815,16.092,22.9,1769929766106,0
180963816,16.091,6.1,1769929766114,1
180963817,16.089,6.1,1769929766114,1
180963818,16.088,101.8,1769929766118,1
180963819,16.087,12.6,1769929766141,1
180963820,16.088,18.4,1769929766188,0
180963821,16.089,26.2,1769929766188,0
180963822,16.09,5.7,1769929766188,0
180963823,16.091,11.4,1769929766188,0
180963824,16.092,18.0,1769929766188,0
180963825,16.093,69.7,1769929766188,0
180963826,16.094,18.4,1769929766188,0
180963827,16.095,28.2,1769929766188,0
180963828,16.096,1.1,1769929766191,0
180963829,16.097,1.1,1769929766191,0
180963830,16.098,8.6,1769929766191,0
180963831,16.099,0.7,1769929766191,0
180963832,16.096,3.0,1769929766191,1
180963833,16.095,6.1,1769929766191,1
180963834,16.096,3.1,1769929766191,1
180963835,16.098,6.1,1769929766194,1
180963836,16.097,6.1,1769929766194,1
180963837,16.096,17.0,1769929766194,1
180963838,16.095,2.0,1769929766194,1
180963839,16.094,1.2,1769929766194,1
180963840,16.093,10.9,1769929766194,1
180963841,16.099,6.0,1769929766198,0
180963842,16.099,6.1,1769929766200,1
180963843,16.098,115.2,1769929766200,1
180963844,16.097,65.3,1769929766206,1
180963845,16.095,1.1,1769929766207,1
180963846,16.094,1.2,1769929766207,1
180963847,16.093,27.4,1769929766207,1
180963848,16.091,40.5,1769929766207,1
180963849,16.094,37.2,1769929766211,1
180963850,16.093,0.7,1769929766223,1
180963851,16.092,7.7,1769929766226,1
180963852,16.092,12.7,1769929766240,0
180963853,16.095,0.9,1769929766240,0
180963854,16.092,8.3,1769929766259,1
180963855,16.093,6.2,1769929766262,1
180963856,16.092,15.3,1769929766262,1
180963857,16.091,0.7,1769929766262,1
180963858,16.09,15.3,1769929766262,1
180963859,16.089,15.5,1769929766262,1
180963860,16.087,34.7,1769929766262,1
180963861,16.086,16.6,1769929766264,1
180963862,16.085,0.7,1769929766297,1
180963863,16.084,0.7,1769929766297,1
180963864,16.083,1.1,1769929766297,1
180963865,16.082,28.2,1769929766297,1
180963866,16.081,0.7,1769929766299,1
180963867,16.08,11.3,1769929766299,1
180963868,16.079,25.9,1769929766300,1
180963869,16.078,3.2,1769929766302,1
180963870,16.077,3.5,1769929766305,1
180963871,16.076,2.6,1769929766305,1
180963872,16.075,2.9,1769929766307,1
180963873,16.074,0.7,1769929766307,1
180963874,16.074,28.3,1769929766342,0
180963875,16.075,1.8,1769929766357,0
180963876,16.074,0.4,1769929766362,1
180963877,16.075,2.3,1769929766366,0
180963878,16.076,0.7,1769929766366,0
180963879,16.074,1.4,1769929766386,1
180963880,16.073,0.7,1769929766453,1
180963881,16.071,0.7,1769929766457,1
180963882,16.07,0.7,1769929766457,1
180963883,16.069,1.8,1769929766457,1
180963884,16.068,2.1,1769929766457,1
180963885,16.067,3.3,1769929766457,1
180963886,16.066,1.5,1769929766457,1
180963887,16.065,3.4,1769929766457,1
180963888,16.064,20.6,1769929766457,1
180963889,16.063,43.0,1769929766457,1
180963890,16.062,27.3,1769929766457,1
180963891,16.061,39.0,1769929766457,1
180963892,16.06,8.0,1769929766457,1
180963893,16.059,3.4,1769929766457,1
180963894,16.058,156.1,1769929766457,1
180963895,16.064,6.2,1769929766459,1
180963896,16.062,1.2,1769929766459,1
180963897,16.059,6.6,1769929766459,1
180963898,16.058,0.7,1769929766459,1
180963899,16.066,0.7,1769929766465,0
180963900,16.062,1.2,1769929766467,1
180963901,16.065,1.0,1769929766477,0
180963902,16.062,0.7,1769929766478,1
180963903,16.064,0.7,1769929766499,0
180963904,16.062,6.8,1769929766508,1
180963905,16.063,6.8,1769929766511,0
180963906,16.064,4.7,1769929766511,0
180963907,16.065,13.1,1769929766511,0
180963908,16.066,24.3,1769929766511,0
180963909,16.067,12.9,1769929766511,0
180963910,16.061,0.6,1769929766537,1
180963911,16.063,0.7,1769929766545,0
180963912,16.061,0.1,1769929766546,1
180963913,16.06,4.9,1769929766546,1
180963914,16.064,0.4,1769929766570,0
180963915,16.06,0.7,1769929766580,1
180963916,16.059,1.9,1769929766593,1
180963917,16.058,0.7,1769929766593,1
180963918,16.057,0.9,1769929766593,1
180963919,16.061,8.9,1769929766593,0
180963920,16.062,0.7,1769929766593,0
180963921,16.063,0.7,1769929766593,0
180963922,16.064,18.9,1769929766593,0
