trade_id,price,qty,timestamp,is_buyer_maker
181613494,17.497,1.1,1769932810984,1
181613495,17.496,1.6,1769932810985,1
181613496,17.495,2.1,1769932810985,1
181613497,17.494,2.2,1769932810985,1
181613498,17.493,6.5,1769932810985,1
181613499,17.492,7.1,1769932810985,1
181613500,17.491,24.9,1769932810985,1
181613501,17.49,1.9,1769932810987,1
181613502,17.491,4.7,1769932811072,0
181613503,17.489,0.6,1769932811112,1
181613504,17.488,2.1,1769932811112,1
181613505,17.487,0.6,1769932811112,1
181613506,17.486,6.5,1769932811112,1
181613507,17.485,0.6,1769932811112,1
181613508,17.484,1.6,1769932811112,1
181613509,17.483,7.1,1769932811112,1
181613510,17.482,6.9,1769932811112,1
181613511,17.481,6.9,1769932811112,1
181613512,17.48,34.0,1769932811112,1
181613513,17.479,76.5,1769932811113,1
181613514,17.478,10.2,1769932811113,1
181613515,17.481,1.1,1769932811114,1
181613516,17.478,5.3,1769932811128,0
181613517,17.479,0.6,1769932811176,1
181613518,17.478,0.6,1769932811177,1
181613519,17.476,1.6,1769932811179,1
181613520,17.475,0.6,1769932811179,1
181613521,17.474,1.6,1769932811179,1
181613522,17.473,7.4,1769932811179,1
181613523,17.472,8.5,1769932811179,1
181613524,17.471,6.3,1769932811179,1
181613525,17.47,0.4,1769932811181,1
181613526,17.471,10.8,1769932811213,0
181613527,17.472,5.2,1769932811213,0
181613528,17.473,17.7,1769932811213,0
181613529,17.474,7.2,1769932811213,0
181613530,17.475,12.9,1769932811213,0
181613531,17.47,0.2,1769932811241,1
181613532,17.469,0.6,1769932811241,1
181613533,17.468,3.0,1769932811241,1
181613534,17.467,1.7,1769932811241,1
181613535,17.466,2.3,1769932811241,1
181613536,17.465,3.7,1769932811241,1
181613537,17.464,2.7,1769932811241,1
181613538,17.465,8.8,1769932811245,0
181613539,17.466,2.8,1769932811246,0
181613540,17.468,6.7,1769932811253,0
181613541,17.469,0.6,1769932811253,0
181613542,17.47,0.6,1769932811253,0
181613543,17.471,9.3,1769932811253,0
181613544,17.472,0.6,1769932811262,0
181613545,17.473,0.6,1769932811264,0
181613546,17.474,0.6,1769932811264,0
181613547,17.475,0.6,1769932811264,0
181613548,17.476,7.2,1769932811264,0
181613549,17.472,6.1,1769932811283,0
181613550,17.476,5.4,1769932811283,0
181613551,17.477,1.9,1769932811283,0
181613552,17.473,5.7,1769932811299,0
181613553,17.478,7.8,1769932811315,0
181613554,17.477,8.9,1769932811337,0
181613555,17.475,8.9,1769932811429,0
181613556,17.476,0.6,1769932811435,0
181613557,17.477,10.3,1769932811435,0
181613558,17.478,13.1,1769932811435,0
181613559,17.479,0.6,1769932811478,0
181613560,17.48,0.9,1769932811478,0
181613561,17.478,2.0,1769932811517,1
181613562,17.476,3.6,1769932811517,1
181613563,17.475,5.4,1769932811517,1
181613564,17.474,2.1,1769932811517,1
181613565,17.477,0.6,1769932811628,1
181613566,17.476,2.5,1769932811629,1
181613567,17.475,2.5,1769932811629,1
181613568,17.474,3.5,1769932811629,1
181613569,17.473,0.6,1769932811629,1
181613570,17.472,0.5,1769932811640,1
181613571,17.473,5.3,1769932811658,0
181613572,17.474,5.3,1769932811658,0
181613573,17.477,22.3,1769932811658,0
181613574,17.478,11.8,1769932811658,0
181613575,17.479,5.6,1769932811658,0
181613576,17.48,6.3,1769932811658,0
181613577,17.472,3.8,1769932811729,1
181613578,17.471,1.1,1769932811729,1
181613579,17.47,1.6,1769932811729,1
181613580,17.469,0.9,1769932811729,1
181613581,17.468,3.0,1769932811729,1
181613582,17.467,0.6,1769932811729,1
181613583,17.466,1.9,1769932811729,1
181613584,17.466,9.8,1769932811736,0
181613585,17.467,1.7,1769932811798,0
181613586,17.468,0.6,1769932811798,0
181613587,17.469,8.5,1769932811798,0
181613588,17.466,5.3,1769932811844,0
181613589,17.467,1.7,1769932811848,0
181613590,17.468,0.6,1769932811878,0
181613591,17.469,0.3,1769932811878,0
181613592,17.47,0.6,1769932811878,0
181613593,17.471,0.6,1769932811878,0
181613594,17.47,5.2,1769932811897,0
181613595,17.468,0.9,1769932811975,1
181613596,17.467,1.2,1769932811980,1
181613597,17.468,11.1,1769932812049,0
181613598,17.467,0.6,1769932812178,1
181613599,17.466,1.6,1769932812178,1
181613600,17.465,0.6,1769932812180,1
181613601,17.464,2.0,1769932812181,1
181613602,17.463,3.5,1769932812181,1
181613603,17.462,6.1,1769932812181,1
181613604,17.461,0.6,1769932812196,1
181613605,17.46,1.8,1769932812207,1
181613606,17.459,0.9,1769932812207,1
181613607,17.458,6.0,1769932812207,1
181613608,17.457,1.0,1769932812207,1
181613609,17.456,2.3,1769932812207,1
181613610,17.455,0.6,1769932812207,1
181613611,17.454,2.3,1769932812207,1
181613612,17.453,13.8,1769932812207,1
181613613,17.454,9.2,1769932812214,0
181613614,17.457,2.7,1769932812214,0
181613615,17.458,10.3,1769932812214,0
181613616,17.459,21.0,1769932812214,0
181613617,17.46,0.9,1769932812214,0
181613618,17.454,1.1,1769932812218,0
181613619,17.462,0.5,1769932812219,0
181613620,17.453,7.6,1769932812280,1
181613621,17.452,1.9,1769932812280,1
181613622,17.451,3.0,1769932812281,1
181613623,17.45,1.6,1769932812281,1
181613624,17.449,1.5,1769932812282,1
181613625,17.448,28.4,1769932812282,1
181613626,17.447,5.5,1769932812282,1
181613627,17.447,9.7,1769932812297,0
181613628,17.448,3.3,1769932812299,0
181613629,17.446,0.9,1769932812324,1
181613630,17.445,0.6,1769932812326,1
181613631,17.445,9.0,1769932812329,0
181613632,17.444,1.1,1769932812329,1
181613633,17.443,1.6,1769932812329,1
181613634,17.442,12.3,1769932812329,1
181613635,17.441,0.6,1769932812329,1
181613636,17.44,3.3,1769932812336,1
181613637,17.44,28.3,1769932812338,0
181613638,17.441,0.6,1769932812367,0
181613639,17.442,0.9,1769932812367,0
181613640,17.443,1.2,1769932812367,0
181613641,17.444,0.6,1769932812367,0
181613642,17.445,5.3,1769932812367,0
181613643,17.446,13.3,1769932812367,0
181613644,17.44,1.1,1769932812371,0
181613645,17.445,5.7,1769932812372,0
181613646,17.447,8.2,1769932812372,0
181613647,17.448,3.2,1769932812372,0
181613648,17.449,0.6,1769932812372,0
181613649,17.45,17.7,1769932812372,0
181613650,17.449,5.3,1769932812378,0
181613651,17.45,8.7,1769932812378,0
181613652,17.451,7.2,1769932812385,0
181613653,17.453,0.5,1769932812390,0
181613654,17.454,8.4,1769932812390,0
181613655,17.45,5.7,1769932812405,0
181613656,17.451,0.5,1769932812405,0
181613657,17.446,0.6,1769932812407,1
181613658,17.445,2.5,1769932812407,1
181613659,17.444,1.1,1769932812407,1
181613660,17.443,0.6,1769932812411,1
181613661,17.44,5.7,1769932812424,0
181613662,17.446,6.7,1769932812458,0
181613663,17.447,0.6,1769932812458,0
181613664,17.448,0.6,1769932812458,0
181613665,17.449,0.6,1769932812459,0
181613666,17.45,1.6,1769932812459,0
181613667,17.449,0.6,1769932812596,1
181613668,17.448,1.6,1769932812600,1
181613669,17.449,5.3,1769932812690,0
181613670,17.45,19.2,1769932812690,0
181613671,17.451,12.8,1769932812690,0
181613672,17.452,5.6,1769932812690,0
181613673,17.453,2.2,1769932812690,0
181613674,17.454,2.2,1769932812690,0
181613675,17.455,5.6,1769932812690,0
181613676,17.456,1.6,1769932812690,0
181613677,17.457,12.2,1769932812691,0
181613678,17.458,9.1,1769932812691,0
181613679,17.459,12.4,1769932812691,0
181613680,17.46,1.9,1769932812691,0
181613681,17.461,17.0,1769932812691,0
181613682,17.462,18.4,1769932812691,0
181613683,17.463,0.6,1769932812691,0
181613684,17.464,18.9,1769932812691,0
181613685,17.465,0.6,1769932812691,0
181613686,17.466,20.9,1769932812691,0
181613687,17.467,0.6,1769932812693,0
181613688,17.468,1.7,1769932812693,0
181613689,17.469,3.4,1769932812693,0
181613690,17.47,0.6,1769932812693,0
181613691,17.471,2.5,1769932812693,0
181613692,17.472,14.8,1769932812693,0
181613693,17.473,0.6,1769932812703,0
181613694,17.474,6.3,1769932812703,0
181613695,17.475,1.2,1769932812703,0
181613696,17.474,5.7,1769932812712,0
181613697,17.472,40.1,1769932812712,1
181613698,17.471,14.9,1769932812712,1
181613699,17.47,8.2,1769932812712,1
181613700,17.468,9.4,1769932812712,1
181613701,17.467,1.7,1769932812712,1
181613702,17.466,1.9,1769932812712,1
181613703,17.464,5.0,1769932812712,1
181613704,17.463,1.0,1769932812712,1
181613705,17.462,7.8,1769932812712,1
181613706,17.46,36.7,1769932812712,1
181613707,17.455,26.6,1769932812712,1
181613708,17.453,31.0,1769932812712,1
181613709,17.452,11.0,1769932812712,1
181613710,17.451,3.8,1769932812712,1
181613711,17.449,31.9,1769932812712,1
181613712,17.448,35.5,1769932812712,1
181613713,17.447,54.6,1769932812712,1
181613714,17.446,32.2,1769932812712,1
181613715,17.445,2.4,1769932812712,1
181613716,17.444,10.4,1769932812712,1
181613717,17.443,43.6,1769932812712,1
181613718,17.442,28.7,1769932812712,1
181613719,17.441,21.7,1769932812712,1
181613720,17.44,47.1,1769932812712,1
181613721,17.439,143.2,1769932812712,1
181613722,17.438,5.6,1769932812712,1
181613723,17.437,12.3,1769932812712,1
181613724,17.436,21.4,1769932812712,1
181613725,17.464,5.0,1769932812714,1
181613726,17.459,0.4,1769932812714,1
181613727,17.458,1.1,1769932812714,1
181613728,17.451,10.4,1769932812717,1
181613729,17.447,0.3,1769932812729,0
181613730,17.449,11.8,1769932812729,0
181613731,17.45,0.6,1769932812729,0
181613732,17.451,7.2,1769932812729,0
181613733,17.452,24.7,1769932812729,0
181613734,17.45,1.1,1769932812734,0
181613735,17.452,1.4,1769932812734,0
181613736,17.453,0.5,1769932812735,0
181613737,17.456,11.2,1769932812735,0
181613738,17.458,11.6,1769932812735,0
181613739,17.459,21.0,1769932812735,0
181613740,17.461,16.2,1769932812735,0
181613741,17.462,5.8,1769932812736,0
181613742,17.463,16.4,1769932812736,0
181613743,17.465,5.0,1769932812736,0
181613744,17.462,0.6,1769932812738,0
181613745,17.463,0.6,1769932812738,0
181613746,17.464,5.2,1769932812742,0
181613747,17.466,19.1,1769932812744,0
181613748,17.467,7.9,1769932812744,0
181613749,17.468,2.0,1769932812744,0
181613750,17.466,1.7,1769932812758,0
181613751,17.465,5.7,1769932812764,0
181613752,17.466,1.7,1769932812764,0
181613753,17.461,0.6,1769932812771,1
181613754,17.46,0.6,1769932812771,1
181613755,17.459,5.7,1769932812776,0
181613756,17.46,3.9,1769932812777,0
181613757,17.461,6.3,1769932812777,0
181613758,17.462,5.1,1769932812777,0
181613759,17.466,12.9,1769932812778,0
181613760,17.467,4.7,1769932812778,0
181613761,17.468,9.6,1769932812778,0
181613762,17.458,2.5,1769932812798,1
181613763,17.457,2.5,1769932812798,1
181613764,17.456,3.8,1769932812798,1
181613765,17.455,8.3,1769932812798,1
181613766,17.457,5.7,1769932812903,0
181613767,17.456,8.3,1769932813004,1
181613768,17.455,4.2,1769932813004,1
181613769,17.454,7.7,1769932813004,1
181613770,17.453,18.5,1769932813004,1
181613771,17.452,7.2,1769932813004,1
181613772,17.451,5.6,1769932813004,1
181613773,17.45,6.6,1769932813004,1
181613774,17.449,9.8,1769932813004,1
181613775,17.448,32.1,1769932813004,1
181613776,17.449,0.3,1769932813006,1
181613777,17.448,6.8,1769932813006,1
181613778,17.447,0.9,1769932813006,1
181613779,17.446,8.6,1769932813006,1
181613780,17.445,23.1,1769932813006,1
181613781,17.444,17.9,1769932813006,1
181613782,17.443,1.6,1769932813006,1
181613783,17.442,21.3,1769932813007,1
181613784,17.446,1.1,1769932813054,1
181613785,17.444,3.5,1769932813054,1
181613786,17.443,0.6,1769932813054,1
181613787,17.442,3.6,1769932813054,1
181613788,17.441,0.6,1769932813054,1
181613789,17.44,4.1,1769932813054,1
181613790,17.439,7.8,1769932813054,1
181613791,17.438,6.6,1769932813054,1
181613792,17.437,0.6,1769932813054,1
181613793,17.436,0.1,1769932813054,1
181613794,17.443,5.3,1769932813092,0
181613795,17.444,9.1,1769932813092,0
181613796,17.445,1.4,1769932813092,0
181613797,17.446,0.6,1769932813141,0
181613798,17.446,8.6,1769932813183,1
181613799,17.445,11.3,1769932813183,1
181613800,17.444,8.8,1769932813183,1
181613801,17.443,0.6,1769932813183,1
181613802,17.442,5.9,1769932813183,1
181613803,17.441,5.5,1769932813183,1
181613804,17.44,6.5,1769932813183,1
181613805,17.439,17.0,1769932813183,1
181613806,17.438,24.7,1769932813183,1
181613807,17.437,2.0,1769932813183,1
181613808,17.436,17.3,1769932813183,1
181613809,17.435,3.4,1769932813183,1
181613810,17.434,26.7,1769932813183,1
181613811,17.433,11.8,1769932813184,1
181613812,17.432,21.5,1769932813184,1
181613813,17.431,18.7,1769932813184,1
181613814,17.43,18.3,1769932813184,1
181613815,17.429,16.7,1769932813184,1
181613816,17.428,35.8,1769932813184,1
181613817,17.427,16.1,1769932813184,1
181613818,17.426,6.9,1769932813184,1
181613819,17.441,1.1,1769932813186,1
181613820,17.435,1.3,1769932813197,0
181613821,17.436,1.1,1769932813197,0
181613822,17.437,0.6,1769932813197,0
181613823,17.438,0.6,1769932813197,0
181613824,17.44,4.2,1769932813197,0
181613825,17.432,0.6,1769932813227,1
181613826,17.431,6.0,1769932813227,1
181613827,17.429,5.0,1769932813227,1
181613828,17.428,9.7,1769932813227,1
181613829,17.43,7.2,1769932813265,1
181613830,17.429,7.8,1769932813265,1
181613831,17.428,4.8,1769932813265,1
181613832,17.427,8.7,1769932813265,1
181613833,17.426,2.1,1769932813265,1
181613834,17.425,10.9,1769932813265,1
181613835,17.428,5.3,1769932813317,0
181613836,17.426,8.9,1769932813391,0
181613837,17.428,0.6,1769932813398,0
181613838,17.424,7.2,1769932813431,1
181613839,17.423,4.6,1769932813431,1
181613840,17.422,6.7,1769932813431,1
181613841,17.421,0.6,1769932813432,1
181613842,17.42,13.8,1769932813432,1
181613843,17.419,0.6,1769932813433,1
181613844,17.418,32.9,1769932813433,1
181613845,17.417,1.4,1769932813433,1
181613846,17.416,4.7,1769932813433,1
181613847,17.415,1.8,1769932813435,1
181613848,17.414,1.9,1769932813435,1
181613849,17.413,1.6,1769932813435,1
181613850,17.412,2.2,1769932813435,1
181613851,17.411,0.6,1769932813437,1
181613852,17.41,6.9,1769932813437,1
181613853,17.409,1.2,1769932813438,1
181613854,17.408,2.5,1769932813438,1
181613855,17.407,1.2,1769932813438,1
181613856,17.407,9.2,1769932813442,0
181613857,17.408,0.6,1769932813447,0
181613858,17.409,0.6,1769932813447,0
181613859,17.41,5.3,1769932813447,0
181613860,17.414,1.0,1769932813449,0
181613861,17.416,1.0,1769932813452,0
181613862,17.417,0.5,1769932813455,0
181613863,17.418,1.0,1769932813456,0
181613864,17.42,1.0,1769932813458,0
181613865,17.421,1.1,1769932813460,0
181613866,17.421,6.1,1769932813472,1
181613867,17.42,5.4,1769932813472,1
181613868,17.42,1.0,1769932813524,0
181613869,17.421,3.9,1769932813524,0
181613870,17.422,3.8,1769932813524,0
181613871,17.423,0.6,1769932813528,0
181613872,17.424,4.4,1769932813528,0
181613873,17.425,3.8,1769932813538,0
181613874,17.426,7.7,1769932813538,0
181613875,17.427,6.2,1769932813538,0
181613876,17.428,1.6,1769932813538,0
181613877,17.429,7.0,1769932813541,0
181613878,17.43,1.6,1769932813560,0
181613879,17.431,0.1,1769932813560,0
181613880,17.423,34.4,1769932813660,1
181613881,17.422,0.6,1769932813666,1
181613882,17.421,0.6,1769932813674,1
181613883,17.42,2.4,1769932813731,1
181613884,17.419,2.1,1769932813733,1
181613885,17.42,1.9,1769932813735,0
181613886,17.419,1.5,1769932813737,1
181613887,17.418,1.6,1769932813737,1
181613888,17.417,1.4,1769932813737,1
181613889,17.417,0.5,1769932813745,0
181613890,17.416,3.8,1769932813791,1
181613891,17.415,0.9,1769932813791,1
181613892,17.414,1.6,1769932813791,1
181613893,17.413,1.9,1769932813791,1
181613894,17.412,1.9,1769932813791,1
181613895,17.411,0.9,1769932813794,1
181613896,17.41,1.6,1769932813795,1
181613897,17.409,2.6,1769932813795,1
181613898,17.408,4.1,1769932813795,1
181613899,17.407,1.2,1769932813796,1
181613900,17.406,1.9,1769932813796,1
181613901,17.405,1.7,1769932813804,1
181613902,17.404,0.6,1769932813812,1
181613903,17.403,0.6,1769932813818,1
181613904,17.404,5.3,1769932813822,0
181613905,17.408,12.0,1769932813840,0
181613906,17.409,1.7,1769932813897,0
181613907,17.41,0.6,1769932813933,0
181613908,17.411,0.6,1769932813933,0
181613909,17.412,7.8,1769932813933,0
181613910,17.413,7.8,1769932813933,0
181613911,17.415,4.2,1769932813933,0
181613912,17.416,8.3,1769932813933,0
181613913,17.417,1.1,1769932813933,0
181613914,17.418,0.6,1769932813933,0
181613915,17.419,0.6,1769932813933,0
181613916,17.42,0.6,1769932813933,0
181613917,17.421,2.8,1769932813934,0
181613918,17.422,9.9,1769932813934,0
181613919,17.423,7.4,1769932813934,0
181613920,17.424,5.3,1769932813934,0
181613921,17.417,1.5,1769932814032,0
181613922,17.418,0.6,1769932814062,0
181613923,17.419,26.9,1769932814062,0
181613924,17.417,6.5,1769932814142,1
181613925,17.419,2.8,1769932814249,0
181613926,17.417,5.2,1769932814354,1
181613927,17.419,7.8,1769932814356,0
181613928,17.42,0.6,1769932814356,0
181613929,17.421,12.6,1769932814356,0
181613930,17.422,1.7,1769932814358,0
181613931,17.423,4.5,1769932814358,0
181613932,17.424,0.6,1769932814358,0
181613933,17.425,0.6,1769932814358,0
181613934,17.423,1.1,1769932814359,0
181613935,17.426,1.1,1769932814359,0
181613936,17.427,1.0,1769932814359,0
181613937,17.428,0.4,1769932814361,0
181613938,17.425,5.7,1769932814386,0
181613939,17.428,0.5,1769932814428,0
181613940,17.429,0.6,1769932814428,0
181613941,17.43,0.6,1769932814431,0
181613942,17.431,7.5,1769932814431,0
181613943,17.432,1.6,1769932814464,0
181613944,17.433,0.6,1769932814470,0
181613945,17.434,4.1,1769932814470,0
181613946,17.435,1.4,1769932814470,0
181613947,17.436,0.9,1769932814470,0
181613948,17.437,3.7,1769932814470,0
181613949,17.438,0.9,1769932814470,0
181613950,17.439,10.9,1769932814470,0
181613951,17.44,4.1,1769932814473,0
181613952,17.441,3.8,1769932814473,0
181613953,17.442,0.6,1769932814474,0
181613954,17.443,0.6,1769932814474,0
181613955,17.441,1.7,1769932814484,1
181613956,17.439,7.4,1769932814484,1
181613957,17.438,0.9,1769932814484,1
181613958,17.442,0.9,1769932814532,0
181613959,17.443,4.3,1769932814532,0
181613960,17.438,0.6,1769932814568,1
181613961,17.437,2.3,1769932814568,1
181613962,17.436,1.6,1769932814568,1
181613963,17.435,5.6,1769932814568,1
181613964,17.434,13.2,1769932814568,1
181613965,17.433,2.5,1769932814568,1
181613966,17.432,2.7,1769932814568,1
181613967,17.431,0.4,1769932814569,1
181613968,17.433,0.6,1769932814684,0
181613969,17.434,0.6,1769932814684,0
181613970,17.435,0.6,1769932814686,0
181613971,17.436,0.6,1769932814686,0
181613972,17.438,2.1,1769932814694,0
181613973,17.44,1.9,1769932814696,0
181613974,17.441,0.6,1769932814696,0
181613975,17.442,1.9,1769932814696,0
181613976,17.443,0.9,1769932814696,0
181613977,17.444,1.3,1769932814713,0
181613978,17.444,0.3,1769932814769,1
181613979,17.445,0.6,1769932814797,0
181613980,17.446,12.9,1769932814797,0
181613981,17.447,0.6,1769932814828,0
181613982,17.448,1.0,1769932814828,0
181613983,17.449,0.6,1769932814828,0
181613984,17.45,0.9,1769932814828,0
181613985,17.451,0.6,1769932814828,0
181613986,17.452,1.1,1769932814828,0
181613987,17.447,1.1,1769932814841,1
181613988,17.446,4.6,1769932814841,1
181613989,17.45,5.9,1769932815015,0
181613990,17.449,1.4,1769932815056,1
181613991,17.45,5.7,1769932815057,0
181613992,17.451,0.6,1769932815090,0
181613993,17.452,1.7,1769932815104,0
181613994,17.453,18.2,1769932815249,0
181613995,17.454,1.6,1769932815249,0
181613996,17.455,0.9,1769932815249,0
181613997,17.456,4.8,1769932815249,0
181613998,17.457,6.0,1769932815249,0
181613999,17.455,4.5,1769932815314,0
181614000,17.456,0.6,1769932815328,0
181614001,17.457,6.1,1769932815328,0
181614002,17.458,12.0,1769932815339,0
181614003,17.459,0.9,1769932815343,0
181614004,17.46,2.8,1769932815343,0
181614005,17.461,0.9,1769932815343,0
181614006,17.462,3.1,1769932815344,0
181614007,17.463,18.6,1769932815344,0
181614008,17.464,6.6,1769932815345,0
181614009,17.465,9.0,1769932815345,0
181614010,17.466,17.9,1769932815345,0
181614011,17.465,5.7,1769932815395,0
181614012,17.466,7.2,1769932815395,0
181614013,17.465,5.7,1769932815415,0
181614014,17.467,0.9,1769932815417,0
181614015,17.468,6.9,1769932815417,0
181614016,17.469,5.6,1769932815418,0
181614017,17.47,6.6,1769932815419,0
181614018,17.467,11.5,1769932815422,0
181614019,17.468,0.6,1769932815422,0
181614020,17.471,6.4,1769932815425,0
181614021,17.472,10.2,1769932815427,0
181614022,17.471,0.9,1769932815454,1
181614023,17.469,0.6,1769932815455,1
181614024,17.468,0.6,1769932815456,1
181614025,17.467,1.8,1769932815456,1
181614026,17.466,2.8,1769932815456,1
181614027,17.465,24.2,1769932815456,1
181614028,17.464,24.6,1769932815456,1
181614029,17.465,7.2,1769932815518,1
181614030,17.464,18.2,1769932815518,1
181614031,17.463,9.5,1769932815519,1
181614032,17.462,10.8,1769932815519,1
181614033,17.464,2.1,1769932815609,1
181614034,17.465,24.9,1769932815733,0
181614035,17.466,0.6,1769932815735,0
181614036,17.467,0.6,1769932815735,0
181614037,17.468,2.7,1769932815736,0
181614038,17.469,0.6,1769932815736,0
181614039,17.47,1.6,1769932815737,0
181614040,17.471,1.4,1769932815737,0
181614041,17.472,1.9,1769932815739,0
181614042,17.471,4.2,1769932815757,1
181614043,17.47,1.5,1769932815757,1
181614044,17.471,11.0,1769932815784,0
181614045,17.472,5.7,1769932815784,0
181614046,17.473,7.2,1769932815786,0
181614047,17.474,0.6,1769932815832,0
181614048,17.475,0.6,1769932815883,0
181614049,17.476,0.9,1769932815886,0
181614050,17.477,1.5,1769932815897,0
181614051,17.478,0.6,1769932815940,0
181614052,17.479,0.9,1769932815942,0
181614053,17.48,10.7,1769932815942,0
181614054,17.481,0.9,1769932815944,0
181614055,17.482,8.4,1769932815944,0
181614056,17.483,16.2,1769932815944,0
181614057,17.484,0.6,1769932815946,0
181614058,17.485,0.9,1769932815948,0
181614059,17.486,1.0,1769932815948,0
181614060,17.487,0.6,1769932816054,0
181614061,17.488,23.7,1769932816054,0
181614062,17.489,0.6,1769932816055,0
181614063,17.49,6.6,1769932816055,0
181614064,17.491,16.7,1769932816055,0
181614065,17.492,0.6,1769932816099,0
181614066,17.492,2.7,1769932816116,1
181614067,17.491,13.7,1769932816116,1
181614068,17.49,0.6,1769932816119,1
181614069,17.489,0.6,1769932816119,1
181614070,17.488,1.6,1769932816119,1
181614071,17.487,7.5,1769932816162,0
181614072,17.486,1.0,1769932816164,1
181614073,17.485,57.7,1769932816164,1
181614074,17.484,3.0,1769932816164,1
181614075,17.483,2.3,1769932816167,1
181614076,17.482,1.9,1769932816167,1
181614077,17.481,0.9,1769932816168,1
181614078,17.481,1.6,1769932816192,0
181614079,17.48,14.1,1769932816199,1
181614080,17.479,0.6,1769932816199,1
181614081,17.478,4.4,1769932816199,1
181614082,17.477,4.8,1769932816199,1
181614083,17.476,3.0,1769932816199,1
181614084,17.475,2.6,1769932816199,1
181614085,17.474,9.6,1769932816199,1
181614086,17.473,5.7,1769932816199,1
181614087,17.478,1.1,1769932816243,1
181614088,17.476,7.0,1769932816322,1
181614089,17.475,0.6,1769932816322,1
181614090,17.474,1.6,1769932816322,1
181614091,17.473,1.6,1769932816322,1
181614092,17.472,1.2,1769932816322,1
181614093,17.473,24.9,1769932816344,0
181614094,17.474,5.0,1769932816394,0
181614095,17.475,0.6,1769932816449,0
181614096,17.476,0.6,1769932816451,0
181614097,17.477,0.6,1769932816452,0
181614098,17.478,65.5,1769932816452,0
181614099,17.479,0.6,1769932816468,0
181614100,17.48,1.6,1769932816468,0
181614101,17.48,0.6,1769932816508,1
181614102,17.481,6.3,1769932816524,0
181614103,17.482,0.9,1769932816527,0
181614104,17.483,0.9,1769932816527,0
181614105,17.48,1.0,1769932816559,1
181614106,17.479,0.6,1769932816568,1
181614107,17.478,1.1,1769932816568,1
181614108,17.479,15.3,1769932816571,0
181614109,17.48,0.6,1769932816576,0
181614110,17.48,13.9,1769932816591,1
181614111,17.479,0.6,1769932816638,1
181614112,17.478,1.6,1769932816638,1
181614113,17.477,1.7,1769932816638,1
181614114,17.476,1.6,1769932816641,1
181614115,17.475,0.6,1769932816643,1
181614116,17.475,20.4,1769932816651,0
181614117,17.474,12.6,1769932816716,1
181614118,17.473,1.6,1769932816763,1
181614119,17.472,3.5,1769932816763,1
181614120,17.471,1.4,1769932816763,1
181614121,17.47,1.6,1769932816765,1
181614122,17.469,0.6,1769932816765,1
181614123,17.468,1.6,1769932816765,1
181614124,17.467,0.6,1769932816765,1
181614125,17.466,1.6,1769932816785,1
181614126,17.465,17.7,1769932816785,1
181614127,17.464,2.3,1769932816785,1
181614128,17.463,6.1,1769932816787,1
181614129,17.462,2.1,1769932816842,1
181614130,17.461,0.6,1769932816842,1
181614131,17.46,1.9,1769932816842,1
181614132,17.46,16.5,1769932816859,0
181614133,17.462,30.2,1769932816859,0
181614134,17.463,17.7,1769932816859,0
181614135,17.464,8.8,1769932816859,0
181614136,17.465,11.5,1769932816859,0
181614137,17.466,8.8,1769932816859,0
181614138,17.468,1.7,1769932816861,0
181614139,17.464,5.0,1769932816861,0
181614140,17.469,24.4,1769932816861,0
181614141,17.471,0.5,1769932816861,0
181614142,17.472,10.5,1769932816861,0
181614143,17.473,0.9,1769932816863,0
181614144,17.474,18.0,1769932816863,0
181614145,17.475,11.5,1769932816863,0
181614146,17.473,29.0,1769932816898,0
181614147,17.474,6.3,1769932816899,0
181614148,17.472,5.7,1769932816944,1
181614149,17.471,0.6,1769932816944,1
181614150,17.47,5.8,1769932816971,1
181614151,17.469,0.6,1769932816973,1
181614152,17.468,13.3,1769932817004,1
181614153,17.467,0.6,1769932817004,1
181614154,17.466,1.6,1769932817004,1
181614155,17.465,0.6,1769932817067,1
181614156,17.465,31.4,1769932817089,0
181614157,17.466,18.6,1769932817089,0
181614158,17.464,2.7,1769932817090,1
181614159,17.463,5.4,1769932817106,1
181614160,17.462,2.1,1769932817106,1
181614161,17.461,1.7,1769932817106,1
181614162,17.46,1.6,1769932817106,1
181614163,17.459,5.6,1769932817106,1
181614164,17.458,9.9,1769932817106,1
181614165,17.459,15.9,1769932817135,0
181614166,17.46,6.6,1769932817197,0
181614167,17.461,0.6,1769932817197,0
181614168,17.462,0.6,1769932817197,0
181614169,17.463,3.8,1769932817197,0
181614170,17.465,0.6,1769932817197,0
181614171,17.466,8.9,1769932817197,0
181614172,17.467,16.4,1769932817197,0
181614173,17.468,15.1,1769932817197,0
181614174,17.469,20.2,1769932817197,0
181614175,17.462,5.7,1769932817267,0
181614176,17.461,2.6,1769932817332,1
181614177,17.46,2.5,1769932817601,1
181614178,17.459,2.2,1769932817603,1
181614179,17.458,0.6,1769932817608,1
181614180,17.459,13.8,1769932817635,0
181614181,17.46,2.4,1769932817654,0
181614182,17.461,7.8,1769932817700,0
181614183,17.462,0.6,1769932817700,0
181614184,17.463,5.5,1769932817700,0
181614185,17.464,1.6,1769932817700,0
181614186,17.465,7.0,1769932817700,0
181614187,17.466,1.9,1769932817700,0
181614188,17.467,16.7,1769932817700,0
181614189,17.468,0.4,1769932817700,0
181614190,17.461,3.2,1769932817705,1
181614191,17.459,1.7,1769932817705,1
181614192,17.46,7.2,1769932817757,1
181614193,17.459,7.1,1769932817757,1
181614194,17.463,7.2,1769932817777,0
181614195,17.46,21.6,1769932817827,1
181614196,17.459,3.0,1769932817827,1
181614197,17.461,21.6,1769932817981,1
181614198,17.46,4.1,1769932817981,1
181614199,17.464,1.4,1769932818018,0
181614200,17.462,11.1,1769932818084,1
181614201,17.46,0.6,1769932818084,1
181614202,17.459,5.4,1769932818084,1
181614203,17.458,3.3,1769932818084,1
181614204,17.457,33.0,1769932818084,1
181614205,17.459,8.1,1769932818093,0
181614206,17.459,2.5,1769932818176,1
181614207,17.461,4.9,1769932818180,0
181614208,17.46,7.2,1769932818184,0
181614209,17.462,12.6,1769932818257,0
181614210,17.463,30.9,1769932818259,0
181614211,17.464,9.3,1769932818335,0
181614212,17.463,1.6,1769932818501,1
181614213,17.462,0.6,1769932818502,1
181614214,17.461,15.0,1769932818504,1
181614215,17.46,1.6,1769932818504,1
181614216,17.459,2.3,1769932818504,1
181614217,17.459,16.2,1769932818537,0
181614218,17.458,13.6,1769932818729,1
181614219,17.457,6.9,1769932818729,1
181614220,17.459,20.2,1769932818876,0
181614221,17.46,21.5,1769932818923,0
181614222,17.461,0.6,1769932818923,0
181614223,17.462,1.6,1769932818923,0
181614224,17.463,0.6,1769932818923,0
181614225,17.464,2.9,1769932818923,0
181614226,17.465,11.1,1769932818923,0
181614227,17.466,8.1,1769932818923,0
181614228,17.467,8.5,1769932818923,0
181614229,17.46,11.4,1769932818948,0
181614230,17.461,0.6,1769932818997,0
181614231,17.462,6.2,1769932818997,0
181614232,17.461,11.7,1769932819122,1
181614233,17.46,0.6,1769932819122,1
181614234,17.459,3.4,1769932819122,1
181614235,17.458,1.6,1769932819122,1
181614236,17.457,4.7,1769932819123,1
181614237,17.458,8.1,1769932819130,0
181614238,17.461,5.7,1769932819130,0
181614239,17.462,4.2,1769932819130,0
181614240,17.463,12.6,1769932819134,0
181614241,17.464,23.5,1769932819144,0
181614242,17.463,14.1,1769932819190,1
181614243,17.461,1.7,1769932819203,1
181614244,17.46,1.6,1769932819205,1
181614245,17.459,0.6,1769932819207,1
181614246,17.458,1.0,1769932819207,1
181614247,17.457,66.5,1769932819208,1
181614248,17.456,2.6,1769932819208,1
181614249,17.455,8.4,1769932819250,1
181614250,17.454,27.2,1769932819250,1
181614251,17.453,4.8,1769932819252,1
181614252,17.452,33.1,1769932819252,1
181614253,17.452,23.7,1769932819285,0
181614254,17.453,9.1,1769932819285,0
181614255,17.451,1.0,1769932819301,1
181614256,17.45,7.9,1769932819304,1
181614257,17.448,5.2,1769932819321,1
181614258,17.448,17.3,1769932819330,0
181614259,17.45,0.6,1769932819330,0
181614260,17.451,1.1,1769932819339,0
181614261,17.452,12.1,1769932819339,0
181614262,17.453,0.6,1769932819339,0
181614263,17.454,6.1,1769932819339,0
181614264,17.451,4.2,1769932819340,0
181614265,17.454,6.6,1769932819340,0
181614266,17.455,7.8,1769932819418,0
181614267,17.456,0.6,1769932819430,0
181614268,17.457,3.0,1769932819430,0
181614269,17.455,5.4,1769932819519,1
181614270,17.454,0.6,1769932819519,1
181614271,17.453,0.6,1769932819519,1
181614272,17.452,4.8,1769932819519,1
181614273,17.451,2.4,1769932819519,1
181614274,17.45,6.2,1769932819519,1
181614275,17.449,0.3,1769932819537,1
181614276,17.454,0.6,1769932819560,0
181614277,17.455,0.6,1769932819562,0
181614278,17.457,35.2,1769932819573,0
181614279,17.458,1.6,1769932819576,0
181614280,17.459,0.6,1769932819578,0
181614281,17.46,0.6,1769932819620,0
181614282,17.461,0.9,1769932819621,0
181614283,17.462,19.1,1769932819621,0
181614284,17.463,1.0,1769932819624,0
181614285,17.464,0.6,1769932819624,0
181614286,17.465,12.9,1769932819626,0
181614287,17.465,1.9,1769932819804,1
181614288,17.466,12.6,1769932819858,0
181614289,17.467,0.6,1769932819860,0
181614290,17.468,9.3,1769932819860,0
181614291,17.469,30.8,1769932819861,0
181614292,17.47,1.6,1769932819861,0
181614293,17.471,10.7,1769932819893,0
181614294,17.472,7.3,1769932819893,0
181614295,17.473,1.2,1769932819893,0
181614296,17.474,5.0,1769932819897,0
181614297,17.475,0.9,1769932819898,0
181614298,17.476,17.7,1769932819898,0
181614299,17.477,1.2,1769932819901,0
181614300,17.478,0.6,1769932819901,0
181614301,17.479,1.2,1769932819901,0
181614302,17.48,1.8,1769932819902,0
181614303,17.481,23.7,1769932819902,0
181614304,17.482,1.0,1769932819904,0
181614305,17.483,0.9,1769932819908,0
181614306,17.484,1.6,1769932819908,0
181614307,17.484,2.7,1769932819981,1
181614308,17.482,0.6,1769932820005,1
181614309,17.481,0.6,1769932820005,1
181614310,17.48,3.2,1769932820005,1
181614311,17.479,0.6,1769932820005,1
181614312,17.48,6.6,1769932820044,0
181614313,17.479,6.6,1769932820088,1
181614314,17.478,1.6,1769932820088,1
181614315,17.477,1.7,1769932820100,1
181614316,17.476,1.6,1769932820100,1
181614317,17.475,0.6,1769932820100,1
181614318,17.474,7.0,1769932820100,1
181614319,17.473,0.6,1769932820100,1
181614320,17.472,3.2,1769932820100,1
181614321,17.471,5.5,1769932820100,1
181614322,17.47,1.3,1769932820100,1
181614323,17.469,36.6,1769932820100,1
181614324,17.469,54.1,1769932820102,0
181614325,17.471,7.0,1769932820181,0
181614326,17.472,0.6,1769932820248,0
181614327,17.473,0.6,1769932820250,0
181614328,17.474,1.6,1769932820250,0
181614329,17.475,0.6,1769932820250,0
181614330,17.476,0.6,1769932820254,0
181614331,17.477,0.6,1769932820256,0
181614332,17.478,0.9,1769932820258,0
181614333,17.479,0.6,1769932820261,0
181614334,17.48,1.1,1769932820263,0
181614335,17.481,6.3,1769932820298,0
181614336,17.482,2.7,1769932820299,0
181614337,17.483,0.9,1769932820299,0
181614338,17.484,0.6,1769932820304,0
181614339,17.485,3.1,1769932820304,0
181614340,17.486,0.6,1769932820386,0
181614341,17.487,0.6,1769932820386,0
181614342,17.488,2.5,1769932820386,0
181614343,17.489,34.6,1769932820386,0
181614344,17.49,6.3,1769932820386,0
181614345,17.491,5.6,1769932820386,0
181614346,17.492,7.0,1769932820386,0
181614347,17.493,1.2,1769932820388,0
181614348,17.494,9.8,1769932820388,0
181614349,17.495,0.4,1769932820388,0
181614350,17.494,8.7,1769932820461,1
181614351,17.493,2.4,1769932820461,1
181614352,17.495,0.2,1769932820518,0
181614353,17.496,3.5,1769932820518,0
181614354,17.497,1.4,1769932820518,0
181614355,17.498,2.6,1769932820518,0
181614356,17.499,2.5,1769932820518,0
181614357,17.5,24.7,1769932820518,0
181614358,17.501,0.9,1769932820519,0
181614359,17.501,0.6,1769932820529,1
181614360,17.5,2.1,1769932820555,1
181614361,17.499,0.6,1769932820555,1
181614362,17.498,2.6,1769932820555,1
181614363,17.497,1.5,1769932820558,1
181614364,17.496,1.0,1769932820558,1
181614365,17.495,1.5,1769932820558,1
181614366,17.494,1.3,1769932820558,1
181614367,17.493,12.6,1769932820624,1
181614368,17.492,0.6,1769932820627,1
181614369,17.491,2.2,1769932820627,1
181614370,17.493,3.3,1769932820627,0
181614371,17.491,14.3,1769932820662,0
181614372,17.491,2.8,1769932820840,0
181614373,17.492,0.6,1769932820842,0
181614374,17.493,0.6,1769932820844,0
181614375,17.494,0.6,1769932820845,0
181614376,17.495,0.6,1769932820848,0
181614377,17.496,1.7,1769932820850,0
181614378,17.497,6.3,1769932820864,0
181614379,17.497,2.2,1769932820978,1
181614380,17.496,0.6,1769932821022,1
181614381,17.495,0.6,1769932821022,1
181614382,17.494,8.8,1769932821022,1
181614383,17.493,7.8,1769932821022,1
181614384,17.492,9.1,1769932821022,1
181614385,17.491,3.8,1769932821022,1
181614386,17.49,7.5,1769932821022,1
181614387,17.491,1.1,1769932821024,1
181614388,17.491,10.7,1769932821063,0
181614389,17.49,13.4,1769932821066,1
181614390,17.49,5.3,1769932821110,0
181614391,17.491,0.6,1769932821112,0
181614392,17.492,5.3,1769932821112,0
181614393,17.493,5.3,1769932821112,0
181614394,17.494,6.6,1769932821112,0
181614395,17.495,0.6,1769932821113,0
181614396,17.496,0.6,1769932821113,0
181614397,17.495,4.8,1769932821113,0
181614398,17.497,0.3,1769932821113,0
181614399,17.498,22.4,1769932821113,0
181614400,17.496,1.1,1769932821114,0
181614401,17.499,0.9,1769932821114,0
181614402,17.497,5.3,1769932821126,0
181614403,17.498,3.6,1769932821128,0
181614404,17.499,5.1,1769932821128,0
181614405,17.5,0.6,1769932821128,0
181614406,17.501,5.7,1769932821128,0
181614407,17.502,2.8,1769932821128,0
181614408,17.503,9.0,1769932821128,0
181614409,17.504,9.5,1769932821139,0
181614410,17.505,2.7,1769932821144,0
181614411,17.503,2.7,1769932821157,1
181614412,17.502,0.6,1769932821167,1
181614413,17.501,0.6,1769932821167,1
181614414,17.498,4.5,1769932821167,1
181614415,17.499,0.2,1769932821172,0
181614416,17.503,0.6,1769932821196,0
181614417,17.504,0.6,1769932821197,0
181614418,17.505,0.6,1769932821197,0
181614419,17.505,0.6,1769932821338,0
181614420,17.506,5.5,1769932821338,0
181614421,17.507,0.6,1769932821343,0
181614422,17.508,2.6,1769932821343,0
181614423,17.509,15.1,1769932821377,0
181614424,17.51,3.9,1769932821381,0
181614425,17.511,0.9,1769932821415,0
181614426,17.512,3.1,1769932821415,0
181614427,17.513,0.9,1769932821417,0
181614428,17.514,2.8,1769932821492,0
181614429,17.515,1.1,1769932821492,0
181614430,17.516,5.4,1769932821492,0
181614431,17.517,19.4,1769932821492,0
181614432,17.518,0.4,1769932821492,0
181614433,17.517,2.7,1769932821494,1
181614434,17.516,0.1,1769932821494,1
181614435,17.518,0.2,1769932821545,0
181614436,17.519,0.6,1769932821545,0
181614437,17.52,14.6,1769932821545,0
181614438,17.52,1.9,1769932821570,1
181614439,17.52,5.7,1769932821589,0
181614440,17.521,7.0,1769932821589,0
181614441,17.522,6.7,1769932821611,0
181614442,17.523,0.9,1769932821611,0
181614443,17.524,13.3,1769932821611,0
181614444,17.525,0.6,1769932821611,0
181614445,17.526,4.9,1769932821611,0
181614446,17.527,11.5,1769932821611,0
181614447,17.528,7.3,1769932821611,0
181614448,17.529,11.1,1769932821611,0
181614449,17.528,10.3,1769932821613,0
181614450,17.53,6.9,1769932821616,0
181614451,17.531,5.6,1769932821616,0
181614452,17.532,17.4,1769932821616,0
181614453,17.533,8.5,1769932821616,0
181614454,17.534,7.6,1769932821616,0
181614455,17.535,22.1,1769932821616,0
181614456,17.536,12.7,1769932821616,0
181614457,17.537,46.8,1769932821616,0
181614458,17.538,45.9,1769932821616,0
181614459,17.539,66.2,1769932821616,0
181614460,17.54,14.2,1769932821616,0
181614461,17.541,7.0,1769932821616,0
181614462,17.542,10.0,1769932821616,0
181614463,17.543,6.9,1769932821616,0
181614464,17.544,12.5,1769932821616,0
181614465,17.545,14.6,1769932821616,0
181614466,17.546,30.5,1769932821616,0
181614467,17.547,14.7,1769932821617,0
181614468,17.548,52.7,1769932821617,0
181614469,17.549,47.1,1769932821617,0
181614470,17.55,11.0,1769932821617,0
181614471,17.551,11.3,1769932821617,0
181614472,17.552,13.4,1769932821617,0
181614473,17.553,45.9,1769932821617,0
181614474,17.554,9.5,1769932821617,0
181614475,17.555,10.3,1769932821617,0
181614476,17.556,11.9,1769932821617,0
181614477,17.557,12.0,1769932821617,0
181614478,17.558,9.2,1769932821617,0
181614479,17.559,43.4,1769932821617,0
181614480,17.56,52.0,1769932821617,0
181614481,17.537,1.1,1769932821618,0
181614482,17.552,1.1,1769932821619,0
181614483,17.555,10.8,1769932821619,0
181614484,17.557,1.1,1769932821619,0
181614485,17.543,0.9,1769932821620,1
181614486,17.547,1.1,1769932821621,0
181614487,17.549,10.8,1769932821621,0
181614488,17.551,10.8,1769932821621,0
181614489,17.553,10.8,1769932821621,0
181614490,17.557,9.7,1769932821621,0
181614491,17.558,9.4,1769932821621,0
181614492,17.559,60.5,1769932821621,0
181614493,17.56,24.0,1769932821621,0
181614494,17.561,16.3,1769932821621,0
181614495,17.562,14.1,1769932821621,0
181614496,17.563,3.6,1769932821621,0
181614497,17.559,6.1,1769932821621,0
181614498,17.563,13.5,1769932821621,0
181614499,17.564,8.4,1769932821621,0
181614500,17.565,6.4,1769932821621,0
181614501,17.566,17.2,1769932821621,0
181614502,17.567,16.4,1769932821621,0
181614503,17.568,0.9,1769932821621,0
181614504,17.547,10.8,1769932821621,0
181614505,17.544,10.8,1769932821622,0
181614506,17.547,0.5,1769932821622,0
181614507,17.549,11.9,1769932821623,0
181614508,17.552,16.9,1769932821623,0
181614509,17.554,10.8,1769932821624,0
181614510,17.556,17.8,1769932821624,0
181614511,17.558,10.8,1769932821624,0
181614512,17.559,41.9,1769932821624,0
181614513,17.56,1.5,1769932821624,0
181614514,17.564,8.7,1769932821624,0
181614515,17.566,10.8,1769932821624,0
181614516,17.567,10.8,1769932821624,0
181614517,17.568,10.8,1769932821624,0
181614518,17.569,7.3,1769932821624,0
181614519,17.57,17.4,1769932821624,0
181614520,17.571,6.0,1769932821624,0
181614521,17.572,47.1,1769932821624,0
181614522,17.573,23.3,1769932821624,0
181614523,17.557,0.4,1769932821626,0
181614524,17.556,0.6,1769932821627,1
181614525,17.557,7.2,1769932821628,1
181614526,17.556,2.7,1769932821628,1
181614527,17.558,3.0,1769932821629,0
181614528,17.559,8.9,1769932821629,0
181614529,17.556,0.3,1769932821629,1
181614530,17.558,18.8,1769932821630,1
181614531,17.557,10.8,1769932821632,1
181614532,17.556,0.9,1769932821632,1
181614533,17.558,10.8,1769932821633,0
181614534,17.559,26.8,1769932821633,0
181614535,17.56,7.7,1769932821633,0
181614536,17.564,7.2,1769932821633,0
181614537,17.564,26.0,1769932821634,1
181614538,17.562,4.2,1769932821661,0
181614539,17.564,3.2,1769932821662,1
181614540,17.561,23.8,1769932821662,1
181614541,17.56,36.8,1769932821662,1
181614542,17.565,7.1,1769932821663,0
181614543,17.566,0.6,1769932821663,0
181614544,17.567,0.6,1769932821663,0
181614545,17.568,0.6,1769932821663,0
181614546,17.569,1.4,1769932821663,0
181614547,17.572,22.8,1769932821663,0
181614548,17.573,7.3,1769932821664,0
181614549,17.574,0.6,1769932821664,0
181614550,17.575,13.0,1769932821664,0
181614551,17.576,1.6,1769932821664,0
181614552,17.577,0.6,1769932821664,0
181614553,17.578,6.1,1769932821664,0
181614554,17.579,6.2,1769932821664,0
181614555,17.58,7.8,1769932821664,0
181614556,17.581,14.8,1769932821664,0
181614557,17.582,16.4,1769932821664,0
181614558,17.583,5.6,1769932821664,0
181614559,17.584,21.6,1769932821664,0
181614560,17.585,15.9,1769932821664,0
181614561,17.586,27.8,1769932821664,0
181614562,17.587,16.9,1769932821664,0
181614563,17.588,7.7,1769932821664,0
181614564,17.589,21.3,1769932821664,0
181614565,17.59,6.0,1769932821664,0
181614566,17.591,11.9,1769932821664,0
181614567,17.592,5.6,1769932821664,0
181614568,17.593,17.0,1769932821664,0
181614569,17.594,7.1,1769932821664,0
181614570,17.595,15.8,1769932821664,0
181614571,17.596,12.4,1769932821664,0
181614572,17.597,6.6,1769932821664,0
181614573,17.598,8.7,1769932821664,0
181614574,17.599,5.0,1769932821664,0
181614575,17.6,28.6,1769932821664,0
181614576,17.601,0.7,1769932821664,0
181614577,17.604,16.8,1769932821664,0
181614578,17.605,0.8,1769932821664,0
181614579,17.606,17.8,1769932821664,0
181614580,17.607,49.2,1769932821664,0
181614581,17.608,6.4,1769932821664,0
181614582,17.609,60.9,1769932821664,0
181614583,17.611,5.9,1769932821664,0
181614584,17.612,0.4,1769932821664,0
181614585,17.613,5.5,1769932821664,0
181614586,17.614,5.0,1769932821664,0
181614587,17.615,9.9,1769932821664,0
181614588,17.616,0.7,1769932821664,0
181614589,17.619,10.8,1769932821664,0
181614590,17.62,7.0,1769932821664,0
181614591,17.621,17.3,1769932821664,0
181614592,17.622,115.6,1769932821664,0
181614593,17.623,5.0,1769932821664,0
181614594,17.624,6.0,1769932821664,0
181614595,17.625,54.0,1769932821664,0
181614596,17.626,164.2,1769932821664,0
181614597,17.627,5.0,1769932821664,0
181614598,17.628,0.3,1769932821664,0
181614599,17.629,11.5,1769932821664,0
181614600,17.631,0.4,1769932821664,0
181614601,17.596,10.8,1769932821665,0
181614602,17.604,7.0,1769932821666,0
181614603,17.606,1.1,1769932821666,0
181614604,17.608,28.8,1769932821666,0
181614605,17.613,28.1,1769932821667,1
181614606,17.611,7.2,1769932821667,1
181614607,17.608,2.8,1769932821667,1
181614608,17.607,7.2,1769932821667,1
181614609,17.598,46.1,1769932821667,1
181614610,17.596,10.8,1769932821667,1
181614611,17.595,64.4,1769932821667,1
181614612,17.594,17.6,1769932821667,1
181614613,17.617,10.8,1769932821667,0
181614614,17.621,11.9,1769932821667,0
181614615,17.623,10.8,1769932821667,0
181614616,17.624,10.8,1769932821667,0
181614617,17.625,2.6,1769932821667,0
181614618,17.619,10.8,1769932821668,0
181614619,17.622,10.8,1769932821668,0
181614620,17.625,21.9,1769932821668,0
181614621,17.626,1.7,1769932821668,0
181614622,17.621,0.4,1769932821668,0
181614623,17.626,9.1,1769932821668,0
181614624,17.627,10.5,1769932821668,0
181614625,17.628,16.3,1769932821668,0
181614626,17.63,24.1,1769932821668,0
181614627,17.631,26.3,1769932821668,0
181614628,17.632,1.1,1769932821668,0
181614629,17.613,9.4,1769932821668,1
181614630,17.612,1.1,1769932821668,1
181614631,17.608,2.5,1769932821668,1
181614632,17.62,10.8,1769932821669,0
181614633,17.619,3.5,1769932821672,0
181614634,17.614,3.7,1769932821672,1
181614635,17.619,3.0,1769932821673,0
181614636,17.62,11.4,1769932821673,0
181614637,17.621,10.8,1769932821673,0
181614638,17.623,4.7,1769932821673,0
181614639,17.618,6.7,1769932821673,1
181614640,17.614,1.3,1769932821674,1
181614641,17.613,1.7,1769932821674,1
181614642,17.619,10.8,1769932821674,0
181614643,17.623,9.1,1769932821674,0
181614644,17.624,9.6,1769932821674,0
181614645,17.625,10.8,1769932821674,0
181614646,17.627,10.8,1769932821674,0
181614647,17.628,6.1,1769932821674,0
181614648,17.623,10.8,1769932821675,0
181614649,17.625,13.8,1769932821675,0
181614650,17.627,10.1,1769932821675,0
181614651,17.622,0.5,1769932821676,1
181614652,17.629,10.8,1769932821676,0
181614653,17.63,1.5,1769932821676,0
181614654,17.631,10.8,1769932821676,0
181614655,17.633,1.0,1769932821676,0
181614656,17.634,21.5,1769932821676,0
181614657,17.635,10.8,1769932821677,0
181614658,17.636,0.7,1769932821677,0
181614659,17.627,1.1,1769932821678,1
181614660,17.63,6.1,1769932821680,1
181614661,17.624,0.4,1769932821681,1
181614662,17.622,0.5,1769932821681,1
181614663,17.619,10.8,1769932821681,1
181614664,17.618,15.8,1769932821681,1
181614665,17.631,1.1,1769932821683,1
181614666,17.621,1.5,1769932821683,1
181614667,17.619,3.6,1769932821685,0
181614668,17.628,2.4,1769932821685,0
181614669,17.632,10.2,1769932821685,0
181614670,17.633,1.7,1769932821685,0
181614671,17.632,1.1,1769932821687,1
181614672,17.625,1.1,1769932821692,1
181614673,17.627,1.1,1769932821693,1
181614674,17.623,1.1,1769932821695,1
181614675,17.62,3.2,1769932821695,1
181614676,17.619,0.8,1769932821695,1
181614677,17.618,23.5,1769932821695,1
181614678,17.617,0.2,1769932821695,1
181614679,17.631,4.0,1769932821696,0
181614680,17.637,10.0,1769932821696,0
181614681,17.638,19.3,1769932821696,0
181614682,17.639,1.6,1769932821696,0
181614683,17.64,24.4,1769932821696,0
181614684,17.641,6.0,1769932821696,0
181614685,17.642,64.0,1769932821696,0
181614686,17.643,56.7,1769932821696,0
181614687,17.644,18.4,1769932821696,0
181614688,17.645,0.7,1769932821696,0
181614689,17.646,1.7,1769932821696,0
181614690,17.648,18.3,1769932821696,0
181614691,17.632,4.2,1769932821701,1
181614692,17.633,9.4,1769932821704,1
181614693,17.631,1.1,1769932821704,1
181614694,17.631,5.7,1769932821711,0
181614695,17.629,1.1,1769932821712,1
181614696,17.628,0.4,1769932821712,1
181614697,17.63,10.3,1769932821714,0
181614698,17.628,3.2,1769932821714,1
181614699,17.627,0.6,1769932821714,1
181614700,17.625,0.8,1769932821714,1
181614701,17.624,7.5,1769932821718,1
181614702,17.622,4.5,1769932821718,1
181614703,17.621,3.0,1769932821719,0
181614704,17.625,1.6,1769932821719,0
181614705,17.622,1.1,1769932821724,1
181614706,17.62,3.4,1769932821724,1
181614707,17.617,0.4,1769932821724,1
181614708,17.62,3.0,1769932821727,1
181614709,17.616,2.1,1769932821728,1
181614710,17.615,7.6,1769932821728,1
181614711,17.614,25.6,1769932821728,1
181614712,17.613,1.1,1769932821729,1
181614713,17.612,24.2,1769932821729,1
181614714,17.617,8.9,1769932821732,1
181614715,17.613,5.0,1769932821732,1
181614716,17.611,125.2,1769932821732,1
181614717,17.619,5.7,1769932821735,0
181614718,17.62,17.5,1769932821735,0
181614719,17.622,0.5,1769932821735,0
181614720,17.625,4.6,1769932821735,0
181614721,17.625,4.6,1769932821737,1
181614722,17.613,5.5,1769932821747,1
181614723,17.612,0.6,1769932821747,1
181614724,17.611,4.8,1769932821747,1
181614725,17.609,7.5,1769932821747,1
181614726,17.608,4.7,1769932821747,1
181614727,17.607,1.1,1769932821750,1
181614728,17.611,11.0,1769932821752,0
181614729,17.612,5.6,1769932821752,0
181614730,17.613,5.0,1769932821763,1
181614731,17.612,0.6,1769932821784,1
181614732,17.611,0.6,1769932821784,1
181614733,17.609,11.1,1769932821786,1
181614734,17.607,5.0,1769932821788,1
181614735,17.606,0.6,1769932821788,1
181614736,17.609,7.7,1769932821789,1
181614737,17.608,1.1,1769932821789,1
181614738,17.607,5.0,1769932821796,1
181614739,17.608,2.5,1769932821800,0
181614740,17.61,6.2,1769932821800,0
181614741,17.611,0.6,1769932821800,0
181614742,17.612,4.7,1769932821800,0
181614743,17.613,1.4,1769932821800,0
181614744,17.615,0.6,1769932821811,0
181614745,17.608,3.3,1769932821813,1
181614746,17.607,3.6,1769932821821,1
181614747,17.611,1.1,1769932821823,1
181614748,17.607,0.8,1769932821823,1
181614749,17.611,1.1,1769932821827,1
181614750,17.61,5.7,1769932821834,0
181614751,17.612,0.6,1769932821847,0
181614752,17.613,0.6,1769932821847,0
181614753,17.616,0.6,1769932821856,0
181614754,17.617,0.6,1769932821856,0
181614755,17.618,0.6,1769932821864,0
181614756,17.619,0.6,1769932821868,0
181614757,17.618,2.4,1769932821869,1
181614758,17.617,5.6,1769932821869,1
181614759,17.616,2.2,1769932821869,1
181614760,17.62,0.9,1769932821869,0
181614761,17.621,6.2,1769932821869,0
181614762,17.622,1.1,1769932821873,0
181614763,17.623,5.2,1769932821874,0
181614764,17.624,0.6,1769932821875,0
181614765,17.625,0.6,1769932821875,0
181614766,17.626,2.8,1769932821875,0
181614767,17.627,0.9,1769932821879,0
181614768,17.623,1.1,1769932821880,1
181614769,17.628,0.6,1769932821881,0
181614770,17.629,0.9,1769932821883,0
181614771,17.63,0.6,1769932821883,0
181614772,17.631,1.1,1769932821883,0
181614773,17.633,0.9,1769932821885,0
181614774,17.634,0.6,1769932821888,0
181614775,17.636,1.1,1769932821888,0
181614776,17.638,1.6,1769932821893,0
181614777,17.637,5.7,1769932821894,0
181614778,17.639,1.1,1769932821894,0
181614779,17.64,0.5,1769932821894,0
181614780,17.642,1.0,1769932821895,0
181614781,17.644,1.4,1769932821895,0
181614782,17.648,1.1,1769932821895,0
181614783,17.641,0.6,1769932821898,1
181614784,17.643,11.2,1769932821910,1
181614785,17.641,10.0,1769932821912,1
181614786,17.638,14.4,1769932821918,1
181614787,17.636,7.2,1769932821920,1
181614788,17.635,1.4,1769932821920,1
181614789,17.634,42.4,1769932821922,1
181614790,17.633,6.7,1769932821926,1
181614791,17.633,13.1,1769932821940,0
181614792,17.632,0.6,1769932821972,1
181614793,17.631,1.1,1769932821974,1
181614794,17.63,5.6,1769932821983,1
181614795,17.629,5.6,1769932821984,1
181614796,17.628,0.6,1769932821998,1
181614797,17.623,5.0,1769932821998,1
181614798,17.622,8.2,1769932822007,1
181614799,17.621,6.0,1769932822009,1
181614800,17.62,0.6,1769932822011,1
181614801,17.619,5.6,1769932822011,1
181614802,17.617,7.7,1769932822023,0
181614803,17.618,5.3,1769932822027,0
181614804,17.618,3.5,1769932822028,1
181614805,17.616,2.0,1769932822028,1
181614806,17.617,2.7,1769932822041,0
181614807,17.62,0.6,1769932822056,0
181614808,17.618,15.5,1769932822065,1
181614809,17.617,44.8,1769932822067,1
181614810,17.616,3.6,1769932822070,1
181614811,17.615,8.4,1769932822070,1
181614812,17.614,10.2,1769932822071,1
181614813,17.613,10.9,1769932822071,1
181614814,17.612,8.7,1769932822071,1
181614815,17.611,9.5,1769932822114,1
181614816,17.61,6.3,1769932822114,1
181614817,17.609,2.2,1769932822114,1
181614818,17.608,1.0,1769932822119,1
181614819,17.607,2.9,1769932822119,1
181614820,17.606,2.3,1769932822119,1
181614821,17.607,1.1,1769932822122,1
181614822,17.605,35.1,1769932822122,1
181614823,17.604,0.4,1769932822122,1
181614824,17.609,5.7,1769932822123,0
181614825,17.61,5.7,1769932822123,0
181614826,17.611,2.6,1769932822123,0
181614827,17.607,1.1,1769932822124,1
181614828,17.605,7.5,1769932822124,1
181614829,17.607,3.2,1769932822126,0
181614830,17.608,0.6,1769932822129,0
181614831,17.609,0.6,1769932822129,0
181614832,17.611,11.5,1769932822130,0
181614833,17.612,1.0,1769932822132,0
181614834,17.614,36.6,1769932822132,0
181614835,17.616,1.0,1769932822132,0
181614836,17.617,4.7,1769932822132,0
181614837,17.618,15.1,1769932822132,0
181614838,17.62,1.6,1769932822135,0
181614839,17.614,15.8,1769932822145,1
181614840,17.613,0.6,1769932822149,1
181614841,17.612,22.8,1769932822149,1
181614842,17.611,273.2,1769932822150,1
181614843,17.613,1.4,1769932822152,0
181614844,17.607,7.2,1769932822155,0
181614845,17.605,5.0,1769932822157,1
181614846,17.604,1.8,1769932822157,1
181614847,17.603,6.6,1769932822157,1
181614848,17.602,1.6,1769932822157,1
181614849,17.601,12.0,1769932822157,1
181614850,17.6,1.6,1769932822157,1
181614851,17.599,23.1,1769932822157,1
181614852,17.598,3.2,1769932822157,1
181614853,17.597,2.2,1769932822157,1
181614854,17.596,3.7,1769932822157,1
181614855,17.595,18.2,1769932822157,1
181614856,17.594,1.6,1769932822157,1
181614857,17.593,1.6,1769932822157,1
181614858,17.592,1.6,1769932822157,1
181614859,17.591,0.6,1769932822157,1
181614860,17.59,1.6,1769932822157,1
181614861,17.589,0.6,1769932822157,1
181614862,17.588,4.8,1769932822157,1
181614863,17.606,5.7,1769932822157,0
181614864,17.605,6.1,1769932822159,1
181614865,17.595,28.0,1769932822159,1
181614866,17.6,5.1,1769932822161,0
181614867,17.601,20.8,1769932822161,0
181614868,17.603,1.1,1769932822163,0
181614869,17.602,1.1,1769932822165,0
181614870,17.604,16.4,1769932822165,0
181614871,17.603,1.1,1769932822167,0
181614872,17.604,9.5,1769932822167,0
181614873,17.602,8.8,1769932822171,0
181614874,17.604,2.4,1769932822172,0
181614875,17.602,1.1,1769932822174,0
181614876,17.605,3.4,1769932822176,0
181614877,17.606,1.0,1769932822193,0
181614878,17.607,0.6,1769932822194,0
181614879,17.608,2.7,1769932822194,0
181614880,17.61,1.0,1769932822195,0
181614881,17.605,2.3,1769932822196,0
181614882,17.604,5.7,1769932822197,0
181614883,17.605,3.4,1769932822197,0
181614884,17.609,1.1,1769932822197,0
181614885,17.605,1.6,1769932822199,0
181614886,17.604,17.7,1769932822200,1
181614887,17.608,2.1,1769932822201,0
181614888,17.61,1.0,1769932822201,0
181614889,17.612,0.5,1769932822201,0
181614890,17.602,6.1,1769932822204,1
181614891,17.601,5.2,1769932822204,1
181614892,17.606,1.1,1769932822219,1
181614893,17.604,4.6,1769932822221,1
181614894,17.603,5.2,1769932822221,1
181614895,17.602,0.6,1769932822226,1
181614896,17.601,0.6,1769932822226,1
181614897,17.6,5.3,1769932822226,1
181614898,17.599,5.1,1769932822226,1
181614899,17.598,1.0,1769932822226,1
181614900,17.6,11.4,1769932822226,1
181614901,17.597,54.1,1769932822226,1
181614902,17.602,1.1,1769932822230,1
181614903,17.599,5.7,1769932822256,0
181614904,17.6,1.0,1769932822256,0
181614905,17.602,1.0,1769932822258,0
181614906,17.604,69.0,1769932822260,0
181614907,17.603,0.5,1769932822263,1
181614908,17.605,7.3,1769932822270,1
181614909,17.604,0.6,1769932822274,1
181614910,17.603,0.6,1769932822274,1
181614911,17.603,3.0,1769932822283,0
181614912,17.602,6.2,1769932822300,1
181614913,17.602,1.1,1769932822301,0
181614914,17.603,4.6,1769932822301,0
181614915,17.599,11.0,1769932822310,0
181614916,17.6,11.0,1769932822324,0
181614917,17.599,2.8,1769932822326,0
181614918,17.598,1.3,1769932822327,0
181614919,17.6,5.2,1769932822346,0
181614920,17.602,14.0,1769932822348,0
181614921,17.603,3.7,1769932822355,0
181614922,17.604,1.6,1769932822389,0
181614923,17.605,7.8,1769932822389,0
181614924,17.606,1.6,1769932822389,0
181614925,17.607,0.6,1769932822389,0
181614926,17.608,1.6,1769932822389,0
181614927,17.609,2.0,1769932822389,0
181614928,17.61,1.9,1769932822389,0
181614929,17.611,16.0,1769932822389,0
181614930,17.604,0.6,1769932822570,0
181614931,17.605,0.6,1769932822570,0
181614932,17.606,1.6,1769932822570,0
181614933,17.607,0.6,1769932822570,0
181614934,17.608,1.6,1769932822570,0
181614935,17.609,1.7,1769932822570,0
181614936,17.61,7.3,1769932822571,0
181614937,17.611,13.1,1769932822571,0
181614938,17.612,1.3,1769932822571,0
181614939,17.61,5.7,1769932822576,0
181614940,17.611,12.9,1769932822576,0
181614941,17.612,5.6,1769932822576,0
181614942,17.613,1.4,1769932822576,0
181614943,17.614,1.9,1769932822576,0
181614944,17.615,0.9,1769932822576,0
181614945,17.616,2.1,1769932822576,0
181614946,17.617,1.0,1769932822576,0
181614947,17.618,1.6,1769932822576,0
181614948,17.619,6.3,1769932822576,0
181614949,17.62,1.6,1769932822576,0
181614950,17.621,16.4,1769932822576,0
181614951,17.613,0.4,1769932822578,0
181614952,17.617,1.1,1769932822587,1
181614953,17.615,0.4,1769932822589,1
181614954,17.612,1.9,1769932822605,1
181614955,17.61,0.5,1769932822605,1
181614956,17.614,0.9,1769932822627,1
181614957,17.612,5.7,1769932822633,0
181614958,17.613,7.2,1769932822633,0
181614959,17.614,14.0,1769932822633,0
181614960,17.615,6.1,1769932822633,0
181614961,17.616,5.1,1769932822633,0
181614962,17.617,7.8,1769932822633,0
181614963,17.618,4.6,1769932822633,0
181614964,17.617,8.3,1769932822635,0
181614965,17.619,2.9,1769932822640,0
181614966,17.614,10.3,1769932822647,0
181614967,17.615,5.3,1769932822649,0
181614968,17.614,1.4,1769932822658,0
181614969,17.615,4.6,1769932822658,0
181614970,17.617,13.0,1769932822658,0
181614971,17.617,2.2,1769932822664,1
181614972,17.612,12.8,1769932822673,1
181614973,17.611,10.1,1769932822674,1
181614974,17.61,0.6,1769932822675,1
181614975,17.609,10.4,1769932822675,1
181614976,17.608,5.6,1769932822675,1
181614977,17.607,0.5,1769932822681,1
181614978,17.608,2.7,1769932822703,0
181614979,17.607,3.9,1769932822704,1
181614980,17.608,5.9,1769932822706,0
181614981,17.609,0.6,1769932822745,1
181614982,17.608,0.6,1769932822750,1
181614983,17.612,7.2,1769932822751,0
181614984,17.613,6.2,1769932822751,0
181614985,17.614,2.9,1769932822751,0
181614986,17.615,5.7,1769932822751,0
181614987,17.614,2.7,1769932822757,1
181614988,17.615,0.7,1769932822763,0
181614989,17.612,2.8,1769932822794,0
181614990,17.608,5.7,1769932822839,1
181614991,17.61,3.2,1769932822853,0
181614992,17.611,0.6,1769932822883,0
181614993,17.612,7.2,1769932822883,0
181614994,17.613,0.6,1769932822919,0
181614995,17.614,1.6,1769932822919,0
181614996,17.615,0.6,1769932822919,0
181614997,17.616,66.2,1769932822919,0
181614998,17.617,0.6,1769932822924,0
181614999,17.618,1.6,1769932822926,0
181615000,17.619,0.6,1769932822926,0
181615001,17.619,5.5,1769932822932,1
181615002,17.618,0.2,1769932822932,1
181615003,17.62,1.9,1769932822974,0
181615004,17.621,0.6,1769932822974,0
181615005,17.622,2.1,1769932822974,0
181615006,17.623,5.3,1769932822974,0
181615007,17.624,4.0,1769932822974,0
181615008,17.625,8.0,1769932822974,0
181615009,17.626,1.6,1769932822975,0
181615010,17.627,0.9,1769932822975,0
181615011,17.628,2.3,1769932822975,0
181615012,17.623,5.0,1769932822983,1
181615013,17.621,3.6,1769932822987,0
181615014,17.617,3.6,1769932822999,1
181615015,17.616,32.1,1769932822999,1
181615016,17.615,5.6,1769932822999,1
181615017,17.614,6.3,1769932822999,1
181615018,17.613,0.5,1769932822999,1
181615019,17.617,10.8,1769932823000,0
181615020,17.619,3.2,1769932823000,0
181615021,17.62,10.4,1769932823000,0
181615022,17.621,8.9,1769932823000,0
181615023,17.622,16.1,1769932823000,0
181615024,17.623,12.6,1769932823000,0
181615025,17.624,0.6,1769932823000,0
181615026,17.625,0.6,1769932823000,0
181615027,17.626,18.0,1769932823000,0
181615028,17.627,21.3,1769932823000,0
181615029,17.618,3.2,1769932823000,0
181615030,17.62,0.6,1769932823000,0
181615031,17.627,0.8,1769932823000,0
181615032,17.628,5.1,1769932823000,0
181615033,17.629,0.9,1769932823000,0
181615034,17.63,0.4,1769932823000,0
181615035,17.619,2.8,1769932823001,0
181615036,17.618,2.9,1769932823001,1
181615037,17.615,36.2,1769932823001,1
181615038,17.618,2.8,1769932823001,1
181615039,17.616,4.4,1769932823001,0
181615040,17.621,0.6,1769932823001,0
181615041,17.624,4.8,1769932823001,0
181615042,17.63,10.9,1769932823001,0
181615043,17.631,29.5,1769932823001,0
181615044,17.632,6.4,1769932823001,0
181615045,17.627,7.2,1769932823003,0
181615046,17.624,0.9,1769932823003,1
181615047,17.622,1.5,1769932823003,1
181615048,17.628,5.0,1769932823004,0
181615049,17.633,7.2,1769932823004,0
181615050,17.631,0.5,1769932823005,1
181615051,17.632,1.1,1769932823011,1
181615052,17.628,1.0,1769932823013,1
181615053,17.627,2.0,1769932823017,1
181615054,17.626,1.0,1769932823017,1
181615055,17.624,1.0,1769932823024,1
181615056,17.622,1.5,1769932823025,1
181615057,17.62,1.0,1769932823027,1
181615058,17.62,5.7,1769932823031,0
181615059,17.621,5.7,1769932823031,0
181615060,17.622,2.6,1769932823031,0
181615061,17.624,8.1,1769932823031,0
181615062,17.625,0.6,1769932823031,0
181615063,17.626,0.6,1769932823031,0
181615064,17.62,5.3,1769932823031,0
181615065,17.623,0.4,1769932823031,0
181615066,17.627,3.6,1769932823031,0
181615067,17.628,2.6,1769932823031,0
181615068,17.63,16.4,1769932823031,0
181615069,17.631,6.2,1769932823031,0
181615070,17.619,0.6,1769932823057,1
181615071,17.618,1.6,1769932823057,1
181615072,17.617,1.1,1769932823060,1
181615073,17.616,1.6,1769932823064,1
181615074,17.615,0.6,1769932823064,1
181615075,17.616,3.2,1769932823076,0
181615076,17.619,0.6,1769932823076,0
181615077,17.62,8.2,1769932823076,0
181615078,17.621,8.3,1769932823076,0
181615079,17.624,6.1,1769932823076,0
181615080,17.625,9.8,1769932823099,0
181615081,17.626,5.2,1769932823099,0
181615082,17.62,5.6,1769932823148,1
181615083,17.625,6.6,1769932823270,0
181615084,17.626,11.9,1769932823300,0
181615085,17.627,0.6,1769932823300,0
181615086,17.628,1.6,1769932823300,0
181615087,17.629,0.6,1769932823318,0
181615088,17.63,1.6,1769932823318,0
181615089,17.631,1.1,1769932823319,0
181615090,17.632,1.9,1769932823319,0
181615091,17.633,0.9,1769932823319,0
181615092,17.634,6.0,1769932823319,0
181615093,17.635,16.4,1769932823324,0
181615094,17.636,5.9,1769932823357,0
181615095,17.637,0.9,1769932823357,0
181615096,17.638,1.6,1769932823357,0
181615097,17.639,3.7,1769932823357,0
181615098,17.64,1.5,1769932823357,0
181615099,17.64,5.5,1769932823361,1
181615100,17.637,1.6,1769932823377,1
181615101,17.636,5.0,1769932823415,1
181615102,17.635,0.6,1769932823422,1
181615103,17.641,0.6,1769932823437,0
181615104,17.642,1.7,1769932823437,0
181615105,17.635,7.2,1769932823457,1
181615106,17.634,4.8,1769932823457,1
181615107,17.633,1.7,1769932823496,1
181615108,17.632,0.6,1769932823496,1
181615109,17.632,19.4,1769932823502,0
181615110,17.633,5.9,1769932823502,0
181615111,17.634,10.8,1769932823502,0
181615112,17.636,5.9,1769932823502,0
181615113,17.637,5.0,1769932823502,0
181615114,17.638,12.7,1769932823502,0
181615115,17.639,16.4,1769932823502,0
181615116,17.64,24.6,1769932823502,0
181615117,17.641,15.4,1769932823502,0
181615118,17.642,18.3,1769932823502,0
181615119,17.643,28.3,1769932823502,0
181615120,17.644,12.1,1769932823502,0
181615121,17.645,10.8,1769932823502,0
181615122,17.646,6.6,1769932823502,0
181615123,17.647,19.3,1769932823502,0
181615124,17.636,0.9,1769932823510,1
181615125,17.637,1.8,1769932823532,0
181615126,17.635,0.6,1769932823537,1
181615127,17.634,1.6,1769932823537,1
181615128,17.633,1.6,1769932823548,0
181615129,17.636,0.6,1769932823548,0
181615130,17.637,13.0,1769932823548,0
181615131,17.638,0.6,1769932823553,0
181615132,17.639,1.7,1769932823553,0
181615133,17.64,0.6,1769932823553,0
181615134,17.641,0.6,1769932823553,0
181615135,17.642,1.0,1769932823553,0
181615136,17.643,7.6,1769932823553,0
181615137,17.637,3.2,1769932823568,1
181615138,17.635,10.9,1769932823568,1
181615139,17.644,0.6,1769932823581,0
181615140,17.641,2.4,1769932823598,1
181615141,17.643,0.6,1769932823630,0
181615142,17.644,1.6,1769932823630,0
181615143,17.645,0.6,1769932823630,0
181615144,17.646,5.1,1769932823630,0
181615145,17.641,0.4,1769932823643,1
181615146,17.64,0.6,1769932823643,1
181615147,17.639,0.6,1769932823643,1
181615148,17.638,1.6,1769932823643,1
181615149,17.637,0.6,1769932823643,1
181615150,17.636,0.4,1769932823643,1
181615151,17.64,5.7,1769932823645,0
181615152,17.641,5.7,1769932823645,0
181615153,17.643,6.2,1769932823645,0
181615154,17.644,1.0,1769932823645,0
181615155,17.645,0.6,1769932823645,0
181615156,17.646,1.6,1769932823645,0
181615157,17.647,3.4,1769932823645,0
181615158,17.639,11.4,1769932823708,0
181615159,17.638,1.6,1769932823809,1
181615160,17.637,0.6,1769932823809,1
181615161,17.636,1.5,1769932823809,1
181615162,17.639,10.6,1769932823810,0
181615163,17.64,5.8,1769932823810,0
181615164,17.641,0.6,1769932823810,0
181615165,17.642,0.6,1769932823810,0
181615166,17.643,0.6,1769932823810,0
181615167,17.644,1.6,1769932823810,0
181615168,17.645,0.6,1769932823810,0
181615169,17.646,18.7,1769932823810,0
181615170,17.647,8.6,1769932823810,0
181615171,17.648,15.5,1769932823810,0
181615172,17.649,16.0,1769932823810,0
181615173,17.65,14.5,1769932823810,0
181615174,17.651,17.9,1769932823810,0
181615175,17.637,5.7,1769932823812,0
181615176,17.641,8.1,1769932823815,1
181615177,17.638,7.2,1769932823815,1
181615178,17.637,21.3,1769932823815,1
181615179,17.636,2.2,1769932823815,1
181615180,17.64,0.5,1769932823836,1
181615181,17.636,1.6,1769932823875,1
181615182,17.635,0.6,1769932823876,1
181615183,17.634,2.7,1769932823876,1
181615184,17.633,6.1,1769932823876,1
181615185,17.632,1.6,1769932823877,1
181615186,17.631,8.1,1769932823877,1
181615187,17.63,9.1,1769932823877,1
181615188,17.629,9.3,1769932823884,1
181615189,17.628,2.2,1769932823884,1
181615190,17.627,2.2,1769932823884,1
181615191,17.628,9.4,1769932823890,0
181615192,17.626,8.4,1769932823905,1
181615193,17.625,1.0,1769932823905,1
181615194,17.624,1.6,1769932823905,1
181615195,17.623,1.6,1769932823905,1
181615196,17.622,0.4,1769932823907,1
181615197,17.623,5.3,1769932823919,0
181615198,17.622,1.7,1769932823948,1
181615199,17.621,9.9,1769932823948,1
181615200,17.62,5.3,1769932823948,1
181615201,17.619,8.8,1769932823948,1
181615202,17.618,2.7,1769932823948,1
181615203,17.617,12.6,1769932823948,1
181615204,17.616,9.0,1769932823948,1
181615205,17.621,2.1,1769932823955,0
181615206,17.624,1.7,1769932823955,0
181615207,17.625,2.7,1769932823955,0
181615208,17.626,3.3,1769932823955,0
181615209,17.627,0.6,1769932823955,0
181615210,17.628,4.8,1769932823955,0
181615211,17.629,7.1,1769932823955,0
181615212,17.621,0.6,1769932824023,1
181615213,17.621,5.7,1769932824077,0
181615214,17.622,0.9,1769932824085,0
181615215,17.623,4.0,1769932824085,0
181615216,17.624,0.1,1769932824085,0
181615217,17.623,11.2,1769932824097,1
181615218,17.622,0.6,1769932824098,1
181615219,17.621,6.8,1769932824098,1
181615220,17.622,8.8,1769932824100,1
181615221,17.62,7.0,1769932824102,1
181615222,17.619,6.8,1769932824102,1
181615223,17.618,6.6,1769932824106,1
181615224,17.617,0.6,1769932824106,1
181615225,17.617,2.2,1769932824126,0
181615226,17.618,0.6,1769932824135,0
181615227,17.619,0.6,1769932824135,0
181615228,17.62,1.6,1769932824135,0
181615229,17.621,0.6,1769932824135,0
181615230,17.622,8.4,1769932824135,0
181615231,17.623,7.2,1769932824135,0
181615232,17.624,12.5,1769932824135,0
181615233,17.625,26.5,1769932824135,0
181615234,17.626,13.4,1769932824135,0
181615235,17.627,8.6,1769932824135,0
181615236,17.622,0.6,1769932824143,0
181615237,17.619,1.1,1769932824148,1
181615238,17.618,0.6,1769932824148,1
181615239,17.617,0.6,1769932824148,1
181615240,17.616,2.2,1769932824148,1
181615241,17.616,12.0,1769932824161,0
181615242,17.618,5.3,1769932824168,0
181615243,17.619,3.2,1769932824168,0
181615244,17.621,0.6,1769932824174,0
181615245,17.622,0.6,1769932824174,0
181615246,17.624,1.5,1769932824195,0
181615247,17.625,0.9,1769932824195,0
181615248,17.626,1.9,1769932824195,0
181615249,17.628,1.6,1769932824195,0
181615250,17.629,3.5,1769932824195,0
181615251,17.627,0.6,1769932824199,0
181615252,17.628,5.3,1769932824199,0
181615253,17.629,30.7,1769932824199,0
181615254,17.63,6.6,1769932824199,0
181615255,17.631,1.1,1769932824199,0
181615256,17.632,6.8,1769932824199,0
181615257,17.633,5.4,1769932824199,0
181615258,17.631,5.5,1769932824201,1
181615259,17.626,2.7,1769932824221,0
181615260,17.63,7.2,1769932824221,0
181615261,17.63,0.6,1769932824227,1
181615262,17.631,4.5,1769932824252,0
181615263,17.632,0.6,1769932824268,0
181615264,17.633,0.5,1769932824268,0
181615265,17.634,0.9,1769932824270,0
181615266,17.635,0.9,1769932824270,0
181615267,17.636,5.2,1769932824270,0
181615268,17.637,3.4,1769932824299,0
181615269,17.638,0.6,1769932824299,0
181615270,17.639,13.2,1769932824349,0
181615271,17.64,2.1,1769932824349,0
181615272,17.641,0.6,1769932824349,0
181615273,17.642,9.0,1769932824349,0
181615274,17.643,0.6,1769932824349,0
181615275,17.644,1.6,1769932824349,0
181615276,17.645,0.6,1769932824349,0
181615277,17.646,5.1,1769932824349,0
181615278,17.637,0.6,1769932824391,1
181615279,17.636,0.6,1769932824391,1
181615280,17.635,0.6,1769932824391,1
181615281,17.634,14.1,1769932824391,1
181615282,17.633,7.2,1769932824393,1
181615283,17.632,1.6,1769932824393,1
181615284,17.633,0.6,1769932824405,1
181615285,17.632,0.6,1769932824405,1
181615286,17.631,1.1,1769932824406,1
181615287,17.63,1.2,1769932824406,1
181615288,17.629,0.6,1769932824406,1
181615289,17.628,0.6,1769932824406,1
181615290,17.627,2.8,1769932824406,1
181615291,17.626,4.4,1769932824417,1
181615292,17.625,0.6,1769932824417,1
181615293,17.624,1.6,1769932824419,1
181615294,17.623,1.6,1769932824420,1
181615295,17.622,2.1,1769932824420,1
181615296,17.624,20.9,1769932824426,0
181615297,17.625,11.0,1769932824426,0
181615298,17.626,7.7,1769932824426,0
181615299,17.627,7.2,1769932824426,0
181615300,17.629,0.6,1769932824426,0
181615301,17.63,0.6,1769932824426,0
181615302,17.631,4.2,1769932824426,0
181615303,17.632,5.7,1769932824426,0
181615304,17.633,13.8,1769932824426,0
181615305,17.626,7.5,1769932824456,0
181615306,17.627,5.7,1769932824456,0
181615307,17.631,7.2,1769932824456,0
181615308,17.632,0.6,1769932824456,0
181615309,17.633,0.7,1769932824456,0
181615310,17.626,11.3,1769932824495,1
181615311,17.625,21.6,1769932824495,1
181615312,17.63,9.9,1769932824526,0
181615313,17.631,1.8,1769932824526,0
181615314,17.626,6.8,1769932824595,1
181615315,17.625,3.0,1769932824604,1
181615316,17.624,4.8,1769932824604,1
181615317,17.623,0.6,1769932824604,1
181615318,17.622,1.1,1769932824604,1
181615319,17.621,12.0,1769932824604,1
181615320,17.623,5.1,1769932824606,1
181615321,17.62,5.7,1769932824606,1
181615322,17.619,12.0,1769932824606,1
181615323,17.618,17.9,1769932824606,1
181615324,17.617,13.7,1769932824606,1
181615325,17.616,3.8,1769932824606,1
181615326,17.615,6.6,1769932824606,1
181615327,17.614,0.4,1769932824608,1
181615328,17.619,0.3,1769932824623,0
181615329,17.622,2.1,1769932824623,0
181615330,17.623,0.6,1769932824626,0
181615331,17.624,1.6,1769932824626,0
181615332,17.625,2.7,1769932824626,0
181615333,17.624,3.9,1769932824635,1
181615334,17.623,1.7,1769932824637,1
181615335,17.622,0.6,1769932824637,1
181615336,17.618,1.1,1769932824654,1
181615337,17.617,0.6,1769932824654,1
181615338,17.616,0.6,1769932824654,1
181615339,17.614,0.2,1769932824654,1
181615340,17.613,2.1,1769932824658,1
181615341,17.612,1.6,1769932824658,1
181615342,17.611,1.7,1769932824658,1
181615343,17.612,5.3,1769932824664,0
181615344,17.612,0.8,1769932824666,1
181615345,17.614,0.6,1769932824669,0
181615346,17.615,0.6,1769932824670,0
181615347,17.618,1.0,1769932824687,0
181615348,17.619,5.3,1769932824757,0
181615349,17.618,0.3,1769932824799,1
181615350,17.62,0.6,1769932824815,0
181615351,17.621,27.8,1769932824815,0
181615352,17.622,1.1,1769932824816,0
181615353,17.623,1.6,1769932824816,0
181615354,17.624,1.7,1769932824816,0
181615355,17.625,1.6,1769932824816,0
181615356,17.626,6.1,1769932824816,0
181615357,17.627,12.1,1769932824816,0
181615358,17.628,0.9,1769932824816,0
181615359,17.629,35.8,1769932824816,0
181615360,17.63,30.7,1769932824816,0
181615361,17.631,33.7,1769932824816,0
181615362,17.632,8.3,1769932824816,0
181615363,17.633,8.0,1769932824816,0
181615364,17.634,10.8,1769932824816,0
181615365,17.635,6.9,1769932824816,0
181615366,17.636,13.5,1769932824816,0
181615367,17.637,10.4,1769932824816,0
181615368,17.638,51.9,1769932824816,0
181615369,17.639,37.0,1769932824816,0
181615370,17.64,3.1,1769932824816,0
181615371,17.627,5.3,1769932824818,0
181615372,17.631,0.6,1769932824819,0
181615373,17.634,1.1,1769932824819,0
181615374,17.639,7.7,1769932824819,0
181615375,17.64,3.1,1769932824819,0
181615376,17.641,1.6,1769932824819,0
181615377,17.634,2.3,1769932824827,1
181615378,17.631,1.3,1769932824827,1
181615379,17.632,0.6,1769932824844,1
181615380,17.631,1.1,1769932824844,1
181615381,17.627,5.3,1769932824862,0
181615382,17.628,2.3,1769932824863,0
181615383,17.63,5.7,1769932824865,0
181615384,17.631,26.8,1769932824865,0
181615385,17.632,0.6,1769932824865,0
181615386,17.633,0.6,1769932824865,0
181615387,17.634,7.2,1769932824865,0
181615388,17.635,6.0,1769932824865,0
181615389,17.636,0.3,1769932824889,0
181615390,17.635,5.7,1769932824901,0
181615391,17.636,0.3,1769932824901,0
181615392,17.637,6.6,1769932824901,0
181615393,17.638,0.9,1769932824901,0
181615394,17.639,7.8,1769932824901,0
181615395,17.639,20.0,1769932824903,1
181615396,17.64,1.1,1769932824905,0
181615397,17.641,0.6,1769932824905,0
181615398,17.642,0.6,1769932824905,0
181615399,17.643,0.9,1769932824905,0
181615400,17.644,5.7,1769932824905,0
181615401,17.645,0.6,1769932824907,0
181615402,17.646,2.8,1769932824907,0
181615403,17.644,2.7,1769932824907,1
181615404,17.637,6.1,1769932824943,0
181615405,17.637,3.3,1769932824960,1
181615406,17.636,4.0,1769932824960,1
181615407,17.635,5.1,1769932824960,1
181615408,17.634,14.7,1769932824960,1
181615409,17.633,13.2,1769932824960,1
181615410,17.632,17.6,1769932824960,1
181615411,17.631,6.1,1769932824960,1
181615412,17.63,14.0,1769932824960,1
181615413,17.629,19.9,1769932824960,1
181615414,17.628,44.8,1769932824960,1
181615415,17.627,13.3,1769932824960,1
181615416,17.626,15.0,1769932824960,1
181615417,17.625,169.3,1769932824960,1
181615418,17.635,3.3,1769932824966,1
181615419,17.634,0.6,1769932824967,1
181615420,17.632,7.2,1769932824995,1
181615421,17.631,3.0,1769932824995,1
181615422,17.63,0.6,1769932824995,1
181615423,17.629,2.5,1769932824995,1
181615424,17.628,1.0,1769932824995,1
181615425,17.627,2.6,1769932824995,1
181615426,17.626,3.6,1769932824995,1
181615427,17.625,10.4,1769932824995,1
181615428,17.632,1.1,1769932825009,1
181615429,17.629,0.6,1769932825017,1
181615430,17.628,1.9,1769932825017,1
181615431,17.626,0.4,1769932825100,1
181615432,17.627,6.1,1769932825194,0
181615433,17.628,5.5,1769932825194,0
181615434,17.629,1.6,1769932825194,0
181615435,17.63,5.6,1769932825196,0
181615436,17.631,6.6,1769932825196,0
181615437,17.632,0.6,1769932825199,0
181615438,17.633,1.6,1769932825199,0
181615439,17.634,0.9,1769932825199,0
181615440,17.635,1.1,1769932825204,0
181615441,17.634,2.6,1769932825211,1
181615442,17.635,72.8,1769932825244,0
181615443,17.636,0.9,1769932825244,0
181615444,17.637,1.6,1769932825244,0
181615445,17.638,0.6,1769932825247,0
181615446,17.639,1.6,1769932825247,0
181615447,17.64,1.1,1769932825247,0
181615448,17.641,1.6,1769932825264,0
181615449,17.642,6.0,1769932825264,0
181615450,17.643,1.9,1769932825298,0
181615451,17.644,0.9,1769932825299,0
181615452,17.645,1.6,1769932825299,0
181615453,17.646,0.6,1769932825299,0
181615454,17.647,1.6,1769932825300,0
181615455,17.648,0.6,1769932825300,0
181615456,17.648,3.0,1769932825331,1
181615457,17.649,0.6,1769932825374,0
181615458,17.648,6.6,1769932825386,1
181615459,17.647,1.7,1769932825457,1
181615460,17.646,0.6,1769932825458,1
181615461,17.645,0.6,1769932825458,1
181615462,17.644,1.6,1769932825460,1
181615463,17.644,9.1,1769932825578,0
181615464,17.644,8.9,1769932825685,0
181615465,17.645,0.6,1769932825685,0
181615466,17.646,5.6,1769932825685,0
181615467,17.647,1.6,1769932825685,0
181615468,17.648,0.6,1769932825685,0
181615469,17.649,12.0,1769932825688,0
181615470,17.65,17.2,1769932825688,0
181615471,17.648,7.2,1769932825694,0
181615472,17.65,21.2,1769932825698,0
181615473,17.651,29.6,1769932825698,0
181615474,17.652,0.9,1769932825735,0
181615475,17.653,0.6,1769932825735,0
181615476,17.654,0.9,1769932825735,0
181615477,17.655,24.3,1769932825735,0
181615478,17.656,9.5,1769932825738,0
181615479,17.657,13.5,1769932825738,0
181615480,17.657,2.7,1769932825754,1
181615481,17.655,3.4,1769932825761,1
181615482,17.654,1.0,1769932825761,1
181615483,17.653,1.8,1769932825761,1
181615484,17.653,11.0,1769932825769,0
181615485,17.654,11.0,1769932825769,0
181615486,17.654,0.6,1769932825801,1
181615487,17.653,15.9,1769932825801,1
181615488,17.652,9.5,1769932825803,1
181615489,17.651,3.0,1769932825803,1
181615490,17.65,1.0,1769932825803,1
181615491,17.649,21.1,1769932825838,0
181615492,17.648,5.2,1769932825965,1
181615493,17.647,1.7,1769932825967,1
181615494,17.646,2.2,1769932825968,1
181615495,17.645,1.2,1769932825978,1
181615496,17.644,4.0,1769932825978,1
181615497,17.643,2.2,1769932825978,1
181615498,17.642,1.9,1769932825978,1
181615499,17.641,0.6,1769932825978,1
181615500,17.64,4.2,1769932825978,1
181615501,17.639,0.6,1769932825978,1
181615502,17.638,2.2,1769932825978,1
181615503,17.637,10.7,1769932825978,1
181615504,17.638,4.8,1769932825984,0
181615505,17.641,5.9,1769932826017,1
181615506,17.647,4.7,1769932826033,0
181615507,17.648,3.2,1769932826033,0
181615508,17.644,0.3,1769932826060,0
181615509,17.643,2.7,1769932826076,1
181615510,17.641,5.7,1769932826077,1
181615511,17.64,0.6,1769932826077,1
181615512,17.639,0.6,1769932826077,1
181615513,17.639,11.0,1769932826091,0
181615514,17.64,5.0,1769932826092,0
181615515,17.639,1.0,1769932826133,1
181615516,17.64,3.0,1769932826134,0
181615517,17.641,0.6,1769932826141,0
181615518,17.642,0.6,1769932826159,0
181615519,17.645,5.2,1769932826159,0
181615520,17.646,0.6,1769932826210,0
181615521,17.647,1.9,1769932826210,0
181615522,17.647,2.3,1769932826219,1
181615523,17.648,37.2,1769932826239,0
181615524,17.646,0.6,1769932826349,1
181615525,17.645,0.5,1769932826357,1
181615526,17.646,26.8,1769932826363,0
181615527,17.647,12.9,1769932826363,0
181615528,17.647,1.5,1769932826369,1
181615529,17.645,4.3,1769932826457,1
181615530,17.644,1.6,1769932826457,1
181615531,17.643,0.6,1769932826457,1
181615532,17.642,4.0,1769932826457,1
181615533,17.641,4.9,1769932826457,1
181615534,17.64,9.1,1769932826457,1
181615535,17.639,3.1,1769932826457,1
181615536,17.638,2.2,1769932826457,1
181615537,17.637,12.5,1769932826457,1
181615538,17.636,26.5,1769932826457,1
181615539,17.635,35.0,1769932826457,1
181615540,17.634,2.8,1769932826457,1
181615541,17.633,29.2,1769932826457,1
181615542,17.638,5.3,1769932826493,0
181615543,17.637,5.3,1769932826494,0
181615544,17.641,0.6,1769932826498,0
181615545,17.642,0.6,1769932826500,0
181615546,17.642,13.8,1769932826505,1
181615547,17.641,1.5,1769932826509,1
181615548,17.64,5.8,1769932826538,1
181615549,17.639,3.9,1769932826538,1
181615550,17.638,4.0,1769932826538,1
181615551,17.638,1.9,1769932826567,0
181615552,17.637,0.6,1769932826626,1
181615553,17.636,1.6,1769932826626,1
181615554,17.635,0.6,1769932826626,1
181615555,17.635,11.0,1769932826641,0
181615556,17.636,5.3,1769932826641,0
181615557,17.635,1.0,1769932826643,0
181615558,17.637,0.6,1769932826651,0
181615559,17.638,1.7,1769932826651,0
181615560,17.639,0.6,1769932826651,0
181615561,17.64,5.5,1769932826651,0
181615562,17.641,0.6,1769932826651,0
181615563,17.642,0.6,1769932826651,0
181615564,17.643,5.6,1769932826651,0
181615565,17.644,0.6,1769932826651,0
181615566,17.645,1.6,1769932826651,0
181615567,17.634,0.9,1769932826682,1
181615568,17.633,0.6,1769932826714,1
181615569,17.632,1.6,1769932826714,1
181615570,17.632,1.0,1769932826720,0
181615571,17.631,1.1,1769932826754,1
181615572,17.63,3.4,1769932826756,1
181615573,17.629,0.9,1769932826756,1
181615574,17.628,1.9,1769932826756,1
181615575,17.627,1.2,1769932826758,1
181615576,17.626,3.4,1769932826801,1
181615577,17.625,0.6,1769932826801,1
181615578,17.624,2.2,1769932826801,1
181615579,17.623,1.9,1769932826801,1
181615580,17.622,2.4,1769932826801,1
181615581,17.621,0.6,1769932826802,1
181615582,17.62,145.9,1769932826802,1
181615583,17.619,1.2,1769932826802,1
181615584,17.618,1.8,1769932826803,1
181615585,17.617,2.3,1769932826804,1
181615586,17.616,8.5,1769932826804,1
181615587,17.615,7.6,1769932826804,1
181615588,17.614,33.8,1769932826804,1
181615589,17.617,1.1,1769932826805,1
181615590,17.615,1.3,1769932826812,0
181615591,17.616,5.7,1769932826812,0
181615592,17.617,6.1,1769932826812,0
181615593,17.619,4.3,1769932826812,0
181615594,17.62,6.0,1769932826837,0
181615595,17.615,5.7,1769932826838,1
181615596,17.614,7.8,1769932826847,1
181615597,17.613,2.1,1769932826847,1
181615598,17.612,1.6,1769932826847,1
181615599,17.611,5.6,1769932826849,1
181615600,17.61,1.6,1769932826849,1
181615601,17.609,0.6,1769932826849,1
181615602,17.61,0.6,1769932826903,0
181615603,17.611,0.6,1769932826915,0
181615604,17.612,0.6,1769932826915,0
181615605,17.613,0.6,1769932826915,0
181615606,17.614,0.6,1769932826915,0
181615607,17.615,0.6,1769932826915,0
181615608,17.616,7.2,1769932826915,0
181615609,17.617,1.6,1769932826915,0
181615610,17.618,6.3,1769932826915,0
181615611,17.619,1.0,1769932826915,0
181615612,17.62,38.7,1769932826915,0
181615613,17.621,38.4,1769932826919,0
181615614,17.617,5.7,1769932826920,0
181615615,17.621,31.0,1769932826920,0
181615616,17.619,5.7,1769932826937,0
181615617,17.62,5.7,1769932826937,0
181615618,17.621,5.7,1769932826937,0
181615619,17.622,2.2,1769932826937,0
181615620,17.623,1.6,1769932826937,0
181615621,17.624,0.6,1769932826937,0
181615622,17.625,6.7,1769932826937,0
181615623,17.626,32.7,1769932826937,0
181615624,17.627,5.5,1769932826937,0
181615625,17.628,1.5,1769932826937,0
181615626,17.629,50.5,1769932826937,0
181615627,17.63,0.3,1769932826937,0
181615628,17.631,1.5,1769932826937,0
181615629,17.619,5.5,1769932826939,0
181615630,17.622,1.1,1769932826939,0
181615631,17.625,0.6,1769932826939,0
181615632,17.62,0.3,1769932826976,1
181615633,17.619,4.3,1769932826976,1
181615634,17.618,1.7,1769932827009,1
181615635,17.617,12.0,1769932827009,1
181615636,17.616,8.7,1769932827009,1
181615637,17.615,7.2,1769932827009,1
181615638,17.614,10.3,1769932827009,1
181615639,17.623,1.7,1769932827040,0
181615640,17.624,0.6,1769932827094,0
181615641,17.625,8.8,1769932827094,0
181615642,17.626,6.8,1769932827094,0
181615643,17.625,2.7,1769932827128,1
181615644,17.623,2.7,1769932827128,1
181615645,17.622,1.0,1769932827132,1
181615646,17.623,2.7,1769932827149,0
181615647,17.62,1.0,1769932827178,1
181615648,17.619,0.6,1769932827180,1
181615649,17.618,1.6,1769932827182,1
181615650,17.617,1.1,1769932827204,1
181615651,17.616,1.6,1769932827206,1
181615652,17.615,2.9,1769932827217,1
181615653,17.614,4.2,1769932827217,1
181615654,17.613,2.1,1769932827217,1
181615655,17.612,1.6,1769932827217,1
181615656,17.611,8.5,1769932827217,1
181615657,17.61,1.9,1769932827218,1
181615658,17.609,0.9,1769932827218,1
181615659,17.609,5.3,1769932827295,0
181615660,17.61,0.6,1769932827295,0
181615661,17.611,0.6,1769932827295,0
181615662,17.612,11.0,1769932827295,0
181615663,17.613,0.6,1769932827295,0
181615664,17.614,12.9,1769932827295,0
181615665,17.615,26.0,1769932827295,0
181615666,17.609,5.3,1769932827344,0
181615667,17.61,0.3,1769932827344,0
181615668,17.611,5.2,1769932827351,0
181615669,17.614,5.9,1769932827351,0
181615670,17.615,2.2,1769932827351,0
181615671,17.616,34.1,1769932827351,0
181615672,17.617,0.6,1769932827351,0
181615673,17.618,17.4,1769932827351,0
181615674,17.616,0.6,1769932827422,1
181615675,17.615,0.6,1769932827473,1
181615676,17.614,8.3,1769932827487,0
181615677,17.615,9.2,1769932827505,0
181615678,17.617,6.8,1769932827505,0
181615679,17.618,8.9,1769932827505,0
181615680,17.613,0.6,1769932827537,1
181615681,17.612,1.6,1769932827537,1
181615682,17.611,0.6,1769932827537,1
181615683,17.61,1.6,1769932827537,1
181615684,17.609,0.6,1769932827537,1
181615685,17.608,16.7,1769932827537,1
181615686,17.608,3.4,1769932827546,0
181615687,17.61,0.6,1769932827581,1
181615688,17.609,7.8,1769932827618,1
181615689,17.608,3.5,1769932827618,1
181615690,17.608,0.6,1769932827751,1
181615691,17.607,0.6,1769932827781,1
181615692,17.606,1.9,1769932827782,1
181615693,17.605,0.6,1769932827782,1
181615694,17.604,2.1,1769932827782,1
181615695,17.603,1.6,1769932827782,1
181615696,17.602,31.5,1769932827782,1
181615697,17.601,2.0,1769932827782,1
181615698,17.6,7.3,1769932827782,1
181615699,17.599,0.9,1769932827786,1
181615700,17.598,1.9,1769932827786,1
181615701,17.597,18.9,1769932827786,1
181615702,17.596,0.7,1769932827791,1
181615703,17.597,11.0,1769932827808,0
181615704,17.598,1.4,1769932827818,0
181615705,17.597,0.5,1769932827827,0
181615706,17.599,0.5,1769932827845,0
181615707,17.597,8.7,1769932827854,1
181615708,17.597,8.8,1769932827861,0
181615709,17.599,0.5,1769932827874,0
181615710,17.6,0.6,1769932827907,0
181615711,17.601,0.6,1769932827919,0
181615712,17.602,0.6,1769932827919,0
181615713,17.603,8.0,1769932827919,0
181615714,17.604,1.1,1769932827919,0
181615715,17.605,6.3,1769932827920,0
181615716,17.605,29.4,1769932827927,1
181615717,17.606,0.9,1769932827960,0
181615718,17.607,36.6,1769932827960,0
181615719,17.608,2.0,1769932827961,0
181615720,17.609,23.1,1769932827962,0
181615721,17.61,0.6,1769932827962,0
181615722,17.611,66.9,1769932827962,0
181615723,17.612,0.6,1769932827965,0
181615724,17.613,0.6,1769932827994,0
181615725,17.612,10.4,1769932827996,1
181615726,17.61,11.4,1769932827996,1
181615727,17.609,5.0,1769932828014,0
181615728,17.61,5.0,1769932828015,0
181615729,17.61,0.3,1769932828026,1
181615730,17.609,14.5,1769932828088,0
181615731,17.607,0.6,1769932828136,1
181615732,17.606,0.6,1769932828136,1
181615733,17.605,0.6,1769932828136,1
181615734,17.604,0.9,1769932828136,1
181615735,17.603,0.6,1769932828136,1
181615736,17.602,3.0,1769932828136,1
181615737,17.601,0.6,1769932828138,1
181615738,17.6,1.9,1769932828138,1
181615739,17.6,3.7,1769932828158,0
181615740,17.599,3.3,1769932828164,1
181615741,17.598,1.9,1769932828164,1
181615742,17.597,0.6,1769932828164,1
181615743,17.596,6.2,1769932828164,1
181615744,17.598,5.3,1769932828185,0
181615745,17.597,2.2,1769932828189,0
181615746,17.599,0.6,1769932828193,0
181615747,17.601,0.6,1769932828206,0
181615748,17.602,0.6,1769932828209,0
181615749,17.603,1.0,1769932828209,0
181615750,17.603,6.2,1769932828233,1
181615751,17.602,0.6,1769932828235,1
181615752,17.601,0.6,1769932828235,1
181615753,17.599,0.6,1769932828235,1
181615754,17.598,1.6,1769932828235,1
181615755,17.597,14.9,1769932828235,1
181615756,17.596,5.8,1769932828235,1
181615757,17.595,8.9,1769932828235,1
181615758,17.601,5.3,1769932828237,1
181615759,17.596,5.6,1769932828237,1
181615760,17.596,5.3,1769932828252,0
181615761,17.597,0.1,1769932828252,0
181615762,17.597,5.1,1769932828307,1
181615763,17.598,5.3,1769932828335,0
181615764,17.6,0.6,1769932828335,0
181615765,17.601,0.5,1769932828349,0
181615766,17.597,0.4,1769932828393,1
181615767,17.6,0.6,1769932828410,0
181615768,17.601,12.5,1769932828422,0
181615769,17.602,0.6,1769932828425,0
181615770,17.603,1.6,1769932828425,0
181615771,17.604,1.1,1769932828481,0
181615772,17.603,1.3,1769932828482,1
181615773,17.604,0.4,1769932828496,0
181615774,17.603,17.1,1769932828553,1
181615775,17.602,0.6,1769932828553,1
181615776,17.601,0.6,1769932828553,1
181615777,17.6,1.6,1769932828553,1
181615778,17.599,3.6,1769932828553,1
181615779,17.598,30.4,1769932828553,1
181615780,17.597,4.4,1769932828553,1
181615781,17.596,11.7,1769932828553,1
181615782,17.595,8.1,1769932828553,1
181615783,17.594,1.1,1769932828553,1
181615784,17.598,7.2,1769932828570,1
181615785,17.597,18.6,1769932828570,1
181615786,17.596,0.6,1769932828570,1
181615787,17.595,8.3,1769932828570,1
181615788,17.594,6.0,1769932828570,1
181615789,17.593,13.0,1769932828570,1
181615790,17.592,2.3,1769932828570,1
181615791,17.591,0.6,1769932828570,1
181615792,17.59,6.6,1769932828570,1
181615793,17.589,5.6,1769932828570,1
181615794,17.588,8.0,1769932828570,1
181615795,17.587,2.9,1769932828570,1
181615796,17.586,46.9,1769932828570,1
181615797,17.585,12.6,1769932828570,1
181615798,17.584,2.6,1769932828570,1
181615799,17.597,4.2,1769932828572,1
181615800,17.593,3.2,1769932828572,1
181615801,17.594,5.3,1769932828597,0
181615802,17.596,0.5,1769932828608,0
181615803,17.595,14.4,1769932828636,1
181615804,17.594,0.6,1769932828637,1
181615805,17.593,15.0,1769932828657,1
181615806,17.592,0.6,1769932828661,1
181615807,17.591,0.6,1769932828662,1
181615808,17.59,1.6,1769932828662,1
181615809,17.589,1.7,1769932828662,1
181615810,17.588,1.6,1769932828662,1
181615811,17.588,0.3,1769932828689,0
181615812,17.587,2.2,1769932828706,1
181615813,17.586,3.1,1769932828707,1
181615814,17.584,1.9,1769932828707,1
181615815,17.583,1.9,1769932828719,1
181615816,17.582,0.6,1769932828731,1
181615817,17.582,0.6,1769932828739,0
181615818,17.581,0.6,1769932828773,1
181615819,17.58,0.6,1769932828776,1
181615820,17.579,0.6,1769932828776,1
181615821,17.578,2.1,1769932828777,1
181615822,17.577,1.6,1769932828777,1
181615823,17.576,2.0,1769932828778,1
181615824,17.575,0.6,1769932828778,1
181615825,17.574,1.6,1769932828778,1
181615826,17.573,7.0,1769932828778,1
181615827,17.572,0.4,1769932828779,1
181615828,17.573,5.3,1769932828810,0
181615829,17.574,5.3,1769932828810,0
181615830,17.575,1.4,1769932828810,0
181615831,17.576,5.4,1769932828810,0
181615832,17.577,4.5,1769932828810,0
181615833,17.578,7.1,1769932828810,0
181615834,17.579,9.9,1769932828810,0
181615835,17.58,16.5,1769932828810,0
181615836,17.573,7.7,1769932828825,1
181615837,17.572,13.8,1769932828825,1
181615838,17.571,0.6,1769932828825,1
181615839,17.57,6.9,1769932828825,1
181615840,17.569,7.6,1769932828825,1
181615841,17.568,16.5,1769932828825,1
181615842,17.567,5.6,1769932828825,1
181615843,17.566,16.2,1769932828825,1
181615844,17.565,28.7,1769932828825,1
181615845,17.564,29.3,1769932828825,1
181615846,17.563,6.9,1769932828825,1
181615847,17.562,26.2,1769932828825,1
181615848,17.561,5.6,1769932828825,1
181615849,17.56,23.1,1769932828825,1
181615850,17.559,25.6,1769932828825,1
181615851,17.558,16.2,1769932828825,1
181615852,17.557,5.6,1769932828825,1
181615853,17.556,12.7,1769932828825,1
181615854,17.555,11.5,1769932828825,1
181615855,17.554,16.7,1769932828825,1
181615856,17.553,6.7,1769932828825,1
181615857,17.552,13.1,1769932828825,1
181615858,17.551,19.8,1769932828825,1
181615859,17.55,12.1,1769932828825,1
181615860,17.549,9.9,1769932828825,1
181615861,17.548,9.3,1769932828825,1
181615862,17.547,9.6,1769932828825,1
181615863,17.546,9.6,1769932828825,1
181615864,17.545,10.4,1769932828825,1
181615865,17.544,10.6,1769932828825,1
181615866,17.543,12.1,1769932828827,1
181615867,17.542,6.1,1769932828827,1
181615868,17.541,6.0,1769932828827,1
181615869,17.54,5.6,1769932828827,1
181615870,17.539,5.6,1769932828827,1
181615871,17.538,8.4,1769932828827,1
181615872,17.537,5.8,1769932828827,1
181615873,17.536,7.0,1769932828827,1
181615874,17.535,9.5,1769932828827,1
181615875,17.534,8.0,1769932828828,1
181615876,17.538,0.4,1769932828828,1
181615877,17.534,1.3,1769932828828,1
181615878,17.533,11.1,1769932828828,1
181615879,17.532,2.5,1769932828828,1
181615880,17.531,0.6,1769932828828,1
181615881,17.532,17.3,1769932828829,1
181615882,17.537,1.1,1769932828830,1
181615883,17.53,0.6,1769932828830,1
181615884,17.529,0.6,1769932828830,1
181615885,17.528,0.6,1769932828830,1
181615886,17.527,0.6,1769932828830,1
181615887,17.526,0.6,1769932828830,1
181615888,17.525,0.4,1769932828830,1
181615889,17.531,0.6,1769932828836,0
181615890,17.538,0.6,1769932828837,0
181615891,17.539,1.8,1769932828854,0
181615892,17.54,0.6,1769932828855,0
181615893,17.541,0.6,1769932828856,0
181615894,17.542,5.0,1769932828856,0
181615895,17.543,4.6,1769932828856,0
181615896,17.54,1.6,1769932828857,0
181615897,17.543,12.5,1769932828857,0
181615898,17.54,1.6,1769932828857,1
181615899,17.543,1.9,1769932828859,0
181615900,17.541,5.7,1769932828867,1
181615901,17.542,1.1,1769932828876,0
181615902,17.543,0.6,1769932828876,0
181615903,17.544,0.6,1769932828876,0
181615904,17.545,1.7,1769932828876,0
181615905,17.546,2.6,1769932828880,0
181615906,17.547,5.3,1769932828881,0
181615907,17.548,1.5,1769932828881,0
181615908,17.551,0.5,1769932828891,0
181615909,17.552,5.1,1769932828891,0
181615910,17.55,13.1,1769932828891,1
181615911,17.55,3.5,1769932828893,0
181615912,17.552,1.2,1769932828893,0
181615913,17.551,10.6,1769932828918,0
181615914,17.552,2.2,1769932828919,0
181615915,17.553,7.3,1769932828920,0
181615916,17.554,28.9,1769932828921,0
181615917,17.555,2.5,1769932828922,0
181615918,17.556,5.6,1769932828924,0
181615919,17.557,5.0,1769932828928,0
181615920,17.558,5.0,1769932828934,0
181615921,17.554,7.2,1769932828935,1
181615922,17.559,5.0,1769932828958,0
181615923,17.56,5.5,1769932828958,0
181615924,17.561,5.9,1769932828958,0
181615925,17.559,10.0,1769932828961,0
181615926,17.56,11.8,1769932828975,0
181615927,17.561,3.0,1769932828975,0
181615928,17.562,0.2,1769932828975,0
181615929,17.56,6.1,1769932828982,0
181615930,17.562,3.9,1769932828982,0
181615931,17.556,3.4,1769932828987,1
181615932,17.558,3.0,1769932828990,0
181615933,17.56,10.0,1769932828995,0
181615934,17.561,8.6,1769932828999,0
181615935,17.557,1.7,1769932829004,1
181615936,17.555,3.3,1769932829004,1
181615937,17.562,4.5,1769932829004,0
181615938,17.563,36.4,1769932829014,0
181615939,17.564,8.6,1769932829044,0
181615940,17.565,0.6,1769932829044,0
181615941,17.566,1.6,1769932829044,0
181615942,17.567,0.6,1769932829044,0
181615943,17.568,1.1,1769932829044,0
181615944,17.558,11.3,1769932829049,1
181615945,17.563,15.2,1769932829065,0
181615946,17.557,0.6,1769932829095,1
181615947,17.563,12.2,1769932829116,0
181615948,17.564,5.6,1769932829116,0
181615949,17.565,5.6,1769932829116,0
181615950,17.566,1.6,1769932829116,0
181615951,17.567,7.8,1769932829116,0
181615952,17.568,13.7,1769932829116,0
181615953,17.569,14.5,1769932829116,0
181615954,17.57,2.2,1769932829116,0
181615955,17.56,3.0,1769932829123,1
181615956,17.558,7.2,1769932829123,1
181615957,17.557,2.8,1769932829123,1
181615958,17.56,0.5,1769932829124,1
181615959,17.557,4.4,1769932829124,1
181615960,17.556,1.0,1769932829129,1
181615961,17.555,0.5,1769932829129,1
181615962,17.563,5.9,1769932829164,0
181615963,17.564,5.1,1769932829164,0
181615964,17.561,11.4,1769932829191,0
181615965,17.562,7.8,1769932829234,0
181615966,17.563,3.3,1769932829244,0
181615967,17.557,1.0,1769932829344,0
181615968,17.558,0.6,1769932829344,0
181615969,17.559,0.6,1769932829344,0
181615970,17.56,0.3,1769932829367,0
181615971,17.559,7.2,1769932829392,0
181615972,17.558,3.1,1769932829403,1
181615973,17.559,5.3,1769932829442,0
181615974,17.56,17.2,1769932829442,0
181615975,17.559,5.9,1769932829481,0
181615976,17.56,104.2,1769932829482,0
181615977,17.56,7.5,1769932829557,1
181615978,17.561,5.6,1769932829580,0
181615979,17.56,2.8,1769932829705,1
181615980,17.562,0.6,1769932829713,0
181615981,17.563,0.6,1769932829713,0
181615982,17.564,0.6,1769932829713,0
181615983,17.565,5.6,1769932829713,0
181615984,17.566,5.6,1769932829713,0
181615985,17.567,0.9,1769932829713,0
181615986,17.568,6.5,1769932829713,0
181615987,17.569,15.6,1769932829713,0
181615988,17.565,5.3,1769932829738,0
181615989,17.567,16.4,1769932829756,0
181615990,17.568,1.0,1769932829825,0
181615991,17.57,6.0,1769932829825,0
181615992,17.571,0.9,1769932829825,0
181615993,17.572,0.7,1769932829825,0
181615994,17.563,7.4,1769932829845,1
181615995,17.561,27.4,1769932829845,1
181615996,17.56,3.0,1769932829845,1
181615997,17.562,0.6,1769932829866,0
181615998,17.561,2.5,1769932829875,1
181615999,17.562,2.2,1769932829894,0
181616000,17.568,0.6,1769932829968,0
181616001,17.569,6.9,1769932829968,0
181616002,17.57,3.0,1769932829968,0
181616003,17.571,21.2,1769932829969,0
181616004,17.572,0.8,1769932829969,0
181616005,17.565,0.6,1769932830064,0
181616006,17.566,0.6,1769932830080,0
181616007,17.567,0.6,1769932830080,0
181616008,17.57,0.6,1769932830081,0
181616009,17.571,0.6,1769932830081,0
181616010,17.572,18.4,1769932830081,0
181616011,17.573,0.6,1769932830082,0
181616012,17.574,18.6,1769932830082,0
181616013,17.575,6.3,1769932830082,0
181616014,17.576,8.8,1769932830123,0
181616015,17.577,1.7,1769932830144,0
181616016,17.578,2.7,1769932830144,0
181616017,17.575,141.5,1769932830144,1
181616018,17.578,2.7,1769932830159,1
181616019,17.577,2.7,1769932830159,1
181616020,17.576,8.9,1769932830159,1
181616021,17.575,1.6,1769932830159,1
181616022,17.574,0.6,1769932830160,1
181616023,17.573,0.6,1769932830160,1
181616024,17.572,0.6,1769932830160,1
181616025,17.571,15.1,1769932830160,1
181616026,17.571,3.5,1769932830165,0
181616027,17.575,101.6,1769932830170,0
181616028,17.575,3.0,1769932830171,1
181616029,17.57,0.6,1769932830171,1
181616030,17.569,1.1,1769932830171,1
181616031,17.567,1.0,1769932830171,1
181616032,17.565,8.7,1769932830171,1
181616033,17.564,19.3,1769932830171,1
181616034,17.564,3.5,1769932830171,0
181616035,17.572,3.2,1769932830183,0
181616036,17.57,1.0,1769932830184,1
181616037,17.572,2.4,1769932830191,0
181616038,17.573,0.6,1769932830191,0
181616039,17.574,4.6,1769932830191,0
181616040,17.575,0.6,1769932830195,0
181616041,17.572,2.6,1769932830225,1
181616042,17.57,4.6,1769932830252,0
181616043,17.571,0.6,1769932830252,0
181616044,17.572,0.6,1769932830252,0
181616045,17.573,3.0,1769932830272,1
181616046,17.572,5.1,1769932830300,1
181616047,17.571,10.2,1769932830300,1
181616048,17.57,10.2,1769932830300,1
181616049,17.569,2.8,1769932830302,1
181616050,17.568,2.7,1769932830302,1
181616051,17.567,3.2,1769932830302,1
181616052,17.566,0.6,1769932830302,1
181616053,17.565,4.6,1769932830311,1
181616054,17.564,0.9,1769932830312,1
181616055,17.563,0.9,1769932830312,1
181616056,17.562,1.4,1769932830314,1
181616057,17.561,1.1,1769932830314,1
181616058,17.563,2.0,1769932830315,0
181616059,17.561,0.5,1769932830326,1
181616060,17.56,1.1,1769932830370,1
181616061,17.559,1.6,1769932830370,1
181616062,17.558,0.3,1769932830373,1
181616063,17.557,2.8,1769932830373,1
181616064,17.556,0.6,1769932830374,1
181616065,17.555,1.6,1769932830376,1
181616066,17.554,5.1,1769932830399,1
181616067,17.553,2.6,1769932830501,1
181616068,17.552,0.6,1769932830525,1
181616069,17.551,2.1,1769932830525,1
181616070,17.55,0.6,1769932830525,1
181616071,17.549,8.8,1769932830525,1
181616072,17.548,2.3,1769932830525,1
181616073,17.547,2.9,1769932830525,1
181616074,17.546,0.9,1769932830525,1
181616075,17.545,14.8,1769932830525,1
181616076,17.544,13.7,1769932830525,1
181616077,17.543,7.6,1769932830525,1
181616078,17.542,1.7,1769932830525,1
181616079,17.541,7.5,1769932830525,1
181616080,17.54,18.4,1769932830525,1
181616081,17.539,1.6,1769932830529,1
181616082,17.538,5.6,1769932830529,1
181616083,17.537,5.8,1769932830529,1
181616084,17.54,5.7,1769932830534,0
181616085,17.541,0.6,1769932830537,0
181616086,17.542,6.3,1769932830537,0
181616087,17.537,4.2,1769932830570,0
181616088,17.536,1.3,1769932830584,1
181616089,17.535,2.2,1769932830584,1
181616090,17.534,1.7,1769932830584,1
181616091,17.534,7.3,1769932830594,0
181616092,17.533,3.8,1769932830616,1
181616093,17.532,0.9,1769932830616,1
181616094,17.531,2.5,1769932830616,1
181616095,17.53,0.6,1769932830616,1
181616096,17.529,4.7,1769932830616,1
181616097,17.528,2.6,1769932830616,1
181616098,17.527,3.9,1769932830616,1
181616099,17.526,16.9,1769932830616,1
181616100,17.525,3.6,1769932830616,1
181616101,17.524,10.7,1769932830616,1
181616102,17.523,4.2,1769932830616,1
181616103,17.522,3.2,1769932830616,1
181616104,17.525,5.3,1769932830651,0
181616105,17.522,16.9,1769932830685,0
181616106,17.523,0.6,1769932830744,0
181616107,17.524,0.6,1769932830744,0
181616108,17.525,11.0,1769932830757,0
181616109,17.527,20.6,1769932830795,0
181616110,17.528,0.6,1769932830808,0
181616111,17.529,1.7,1769932830808,0
181616112,17.53,1.6,1769932830808,0
181616113,17.531,4.6,1769932830808,0
181616114,17.523,0.7,1769932830844,1
181616115,17.525,5.7,1769932830854,0
181616116,17.527,4.8,1769932830877,0
181616117,17.522,0.6,1769932830899,1
181616118,17.522,3.4,1769932830961,0
181616119,17.521,0.6,1769932830994,1
181616120,17.52,14.1,1769932830994,1
181616121,17.519,18.7,1769932830995,1
181616122,17.518,1.7,1769932830995,1
181616123,17.517,20.1,1769932830996,1
181616124,17.516,0.9,1769932830996,1
181616125,17.515,7.7,1769932830996,1
181616126,17.514,2.8,1769932831013,1
181616127,17.513,2.6,1769932831013,1
181616128,17.512,0.9,1769932831013,1
181616129,17.512,22.1,1769932831021,0
181616130,17.511,0.6,1769932831056,1
181616131,17.51,0.9,1769932831056,1
181616132,17.509,1.6,1769932831056,1
181616133,17.508,2.6,1769932831056,1
181616134,17.507,6.6,1769932831056,1
181616135,17.506,6.1,1769932831056,1
181616136,17.505,13.3,1769932831056,1
181616137,17.504,1.4,1769932831056,1
181616138,17.505,5.3,1769932831060,0
181616139,17.506,0.6,1769932831066,0
181616140,17.507,0.6,1769932831079,0
181616141,17.511,7.7,1769932831097,0
181616142,17.512,16.3,1769932831099,0
181616143,17.511,5.6,1769932831104,0
181616144,17.51,3.3,1769932831134,1
181616145,17.509,3.5,1769932831134,1
181616146,17.508,0.6,1769932831134,1
181616147,17.507,1.6,1769932831134,1
181616148,17.506,0.3,1769932831134,1
181616149,17.507,5.3,1769932831165,0
181616150,17.511,0.6,1769932831176,0
181616151,17.512,15.5,1769932831176,0
181616152,17.513,5.9,1769932831176,0
181616153,17.514,1.6,1769932831176,0
181616154,17.515,6.2,1769932831176,0
181616155,17.516,1.6,1769932831176,0
181616156,17.517,0.8,1769932831176,0
181616157,17.512,1.1,1769932831178,0
181616158,17.508,5.3,1769932831237,0
181616159,17.507,3.0,1769932831241,0
181616160,17.506,0.8,1769932831247,1
181616161,17.505,1.6,1769932831248,1
181616162,17.504,1.3,1769932831248,1
181616163,17.503,4.9,1769932831249,1
181616164,17.502,1.8,1769932831249,1
181616165,17.501,2.8,1769932831250,1
181616166,17.5,1.5,1769932831274,1
181616167,17.501,16.5,1769932831297,0
181616168,17.502,7.2,1769932831297,0
181616169,17.503,13.0,1769932831298,0
181616170,17.501,5.3,1769932831370,0
181616171,17.502,0.3,1769932831370,0
181616172,17.5,5.4,1769932831396,1
181616173,17.499,1.9,1769932831396,1
181616174,17.498,0.6,1769932831396,1
181616175,17.497,8.1,1769932831397,1
181616176,17.496,2.4,1769932831398,1
181616177,17.496,7.1,1769932831402,0
181616178,17.495,0.6,1769932831403,1
181616179,17.494,3.0,1769932831403,1
181616180,17.493,2.9,1769932831403,1
181616181,17.492,1.5,1769932831403,1
181616182,17.491,2.4,1769932831403,1
181616183,17.49,0.6,1769932831406,1
181616184,17.492,6.8,1769932831417,0
181616185,17.493,5.3,1769932831467,0
181616186,17.494,0.5,1769932831467,0
181616187,17.489,8.7,1769932831510,1
