trade_id,price,qty,timestamp,is_buyer_maker
182365743,15.46,0.7,1769938786496,1
182365744,15.459,3.1,1769938786496,1
182365745,15.458,0.7,1769938786496,1
182365746,15.457,3.3,1769938786496,1
182365747,15.456,1.1,1769938786550,1
182365748,15.455,2.2,1769938786552,1
182365749,15.454,8.2,1769938786637,1
182365750,15.453,3.3,1769938786639,1
182365751,15.452,1.6,1769938786644,1
182365752,15.451,2.2,1769938786644,1
182365753,15.45,11.3,1769938786644,1
182365754,15.449,14.1,1769938786645,1
182365755,15.448,10.7,1769938786645,1
182365756,15.447,0.4,1769938786646,1
182365757,15.449,0.7,1769938786647,0
182365758,15.447,1.8,1769938786648,1
182365759,15.446,2.0,1769938786656,1
182365760,15.445,2.6,1769938786658,1
182365761,15.445,1.9,1769938786680,0
182365762,15.446,5.2,1769938786714,0
182365763,15.447,5.2,1769938786714,0
182365764,15.448,18.9,1769938786714,0
182365765,15.449,7.9,1769938786714,0
182365766,15.45,6.1,1769938786714,0
182365767,15.451,30.5,1769938786714,0
182365768,15.453,24.8,1769938786714,0
182365769,15.454,4.4,1769938786714,0
182365770,15.455,23.2,1769938786714,0
182365771,15.456,13.8,1769938786714,0
182365772,15.457,4.6,1769938786714,0
182365773,15.458,24.8,1769938786714,0
182365774,15.459,0.7,1769938786716,0
182365775,15.46,1.8,1769938786716,0
182365776,15.461,0.7,1769938786716,0
182365777,15.462,1.8,1769938786716,0
182365778,15.463,32.8,1769938786716,0
182365779,15.464,32.8,1769938786718,0
182365780,15.465,0.7,1769938786719,0
182365781,15.466,2.2,1769938786719,0
182365782,15.467,0.7,1769938786719,0
182365783,15.468,2.2,1769938786720,0
182365784,15.469,33.6,1769938786720,0
182365785,15.47,3.5,1769938786721,0
182365786,15.471,1.1,1769938786721,0
182365787,15.472,0.4,1769938786722,0
182365788,15.469,23.2,1769938786723,1
182365789,15.467,24.7,1769938786724,1
182365790,15.466,5.5,1769938786724,1
182365791,15.465,30.4,1769938786724,1
182365792,15.464,42.6,1769938786724,1
182365793,15.463,3.4,1769938786724,1
182365794,15.467,0.7,1769938786724,1
182365795,15.463,27.0,1769938786725,1
182365796,15.464,7.2,1769938786727,0
182365797,15.465,7.2,1769938786727,0
182365798,15.466,6.5,1769938786728,0
182365799,15.462,6.5,1769938786736,1
182365800,15.468,2.0,1769938786757,0
182365801,15.464,6.5,1769938786762,1
182365802,15.469,28.5,1769938786765,0
182365803,15.468,0.6,1769938786780,0
182365804,15.463,5.7,1769938786795,1
182365805,15.462,5.5,1769938786795,1
182365806,15.461,7.3,1769938786795,1
182365807,15.46,39.6,1769938786795,1
182365808,15.459,17.2,1769938786796,1
182365809,15.458,6.8,1769938786796,1
182365810,15.457,2.2,1769938786798,1
182365811,15.456,0.7,1769938786865,1
182365812,15.455,1.1,1769938786865,1
182365813,15.454,1.1,1769938786871,1
182365814,15.453,1.1,1769938786871,1
182365815,15.452,6.8,1769938786871,1
182365816,15.451,1.9,1769938786878,1
182365817,15.454,0.7,1769938786903,0
182365818,15.455,2.0,1769938786904,0
182365819,15.456,0.7,1769938786966,0
182365820,15.457,0.7,1769938786969,0
182365821,15.458,0.7,1769938786969,0
182365822,15.459,0.7,1769938786970,0
182365823,15.46,2.2,1769938786970,0
182365824,15.461,1.1,1769938786970,0
182365825,15.462,15.1,1769938786970,0
182365826,15.46,46.3,1769938787045,1
182365827,15.46,5.0,1769938787137,0
182365828,15.461,18.4,1769938787137,0
182365829,15.462,5.7,1769938787137,0
182365830,15.463,24.9,1769938787137,0
182365831,15.461,6.4,1769938787145,1
182365832,15.462,13.0,1769938787145,0
182365833,15.464,6.5,1769938787145,0
182365834,15.462,24.2,1769938787156,1
182365835,15.46,31.9,1769938787173,1
182365836,15.459,1.1,1769938787175,1
182365837,15.458,0.7,1769938787179,1
182365838,15.457,1.8,1769938787179,1
182365839,15.456,3.2,1769938787179,1
182365840,15.456,6.5,1769938787294,0
182365841,15.455,2.2,1769938787303,1
182365842,15.454,0.7,1769938787303,1
182365843,15.453,2.9,1769938787303,1
182365844,15.452,0.7,1769938787303,1
182365845,15.451,9.0,1769938787303,1
182365846,15.45,6.1,1769938787303,1
182365847,15.449,38.5,1769938787303,1
182365848,15.448,7.2,1769938787303,1
182365849,15.448,3.1,1769938787387,0
182365850,15.449,9.8,1769938787387,0
182365851,15.448,13.0,1769938787391,0
182365852,15.449,0.7,1769938787396,0
182365853,15.449,1.7,1769938787434,1
182365854,15.45,0.7,1769938787445,0
182365855,15.452,0.7,1769938787445,0
182365856,15.453,0.7,1769938787445,0
182365857,15.452,1.2,1769938787477,1
182365858,15.453,1.8,1769938787555,1
182365859,15.454,1.3,1769938787698,0
182365860,15.455,0.7,1769938787698,0
182365861,15.456,4.9,1769938787698,0
182365862,15.457,5.7,1769938787698,0
182365863,15.458,19.7,1769938787698,0
182365864,15.459,6.1,1769938787698,0
182365865,15.46,8.0,1769938787698,0
182365866,15.461,0.7,1769938787782,0
182365867,15.462,1.8,1769938787783,0
182365868,15.463,1.5,1769938787783,0
182365869,15.464,1.8,1769938787783,0
182365870,15.465,1.5,1769938787783,0
182365871,15.466,1.8,1769938787783,0
182365872,15.467,31.5,1769938787784,0
182365873,15.468,5.2,1769938787784,0
182365874,15.467,2.1,1769938787964,1
182365875,15.466,0.7,1769938787966,1
182365876,15.465,1.8,1769938787968,1
182365877,15.464,0.7,1769938787970,1
182365878,15.463,1.1,1769938788017,1
182365879,15.461,6.1,1769938788079,1
182365880,15.46,0.7,1769938788101,1
182365881,15.459,1.8,1769938788139,1
182365882,15.458,0.7,1769938788145,1
182365883,15.457,1.8,1769938788145,1
182365884,15.456,2.9,1769938788145,1
182365885,15.455,2.2,1769938788145,1
182365886,15.454,12.1,1769938788145,1
182365887,15.453,6.0,1769938788145,1
182365888,15.457,6.0,1769938788295,0
182365889,15.454,7.6,1769938788404,1
182365890,15.453,1.7,1769938788406,1
182365891,15.452,0.7,1769938788406,1
182365892,15.451,8.0,1769938788408,1
182365893,15.451,8.2,1769938788516,1
182365894,15.45,28.3,1769938788543,1
182365895,15.449,1.8,1769938788543,1
182365896,15.448,1.8,1769938788608,1
182365897,15.449,3.1,1769938788639,0
182365898,15.451,0.7,1769938788640,0
182365899,15.452,147.2,1769938788640,0
182365900,15.453,5.7,1769938788641,0
182365901,15.454,1.8,1769938788642,0
182365902,15.455,0.7,1769938788642,0
182365903,15.456,38.3,1769938788642,0
182365904,15.457,60.5,1769938788642,0
182365905,15.454,2.6,1769938788645,1
182365906,15.452,12.9,1769938788662,1
182365907,15.456,18.2,1769938788688,0
182365908,15.457,11.1,1769938788694,0
182365909,15.455,0.5,1769938788898,1
182365910,15.458,7.2,1769938788986,0
182365911,15.459,0.7,1769938789031,0
182365912,15.46,0.3,1769938789031,0
182365913,15.455,1.3,1769938789090,1
182365914,15.454,0.7,1769938789090,1
182365915,15.453,1.8,1769938789090,1
182365916,15.452,0.7,1769938789091,1
182365917,15.451,6.8,1769938789091,1
182365918,15.45,5.7,1769938789091,1
182365919,15.449,2.6,1769938789123,1
182365920,15.448,0.7,1769938789128,1
182365921,15.447,2.2,1769938789141,1
182365922,15.446,2.3,1769938789141,1
182365923,15.448,15.2,1769938789153,0
182365924,15.449,19.1,1769938789153,0
182365925,15.448,15.2,1769938789154,0
182365926,15.449,12.0,1769938789154,0
182365927,15.45,0.7,1769938789154,0
182365928,15.446,2.4,1769938789155,1
182365929,15.447,2.4,1769938789157,0
182365930,15.451,0.7,1769938789174,0
182365931,15.452,1.8,1769938789174,0
182365932,15.453,0.7,1769938789224,0
182365933,15.454,0.7,1769938789224,0
182365934,15.455,0.7,1769938789226,0
182365935,15.456,1.1,1769938789236,0
182365936,15.457,1.1,1769938789236,0
182365937,15.456,0.4,1769938789246,1
182365938,15.454,7.7,1769938789334,1
182365939,15.453,0.7,1769938789336,1
182365940,15.452,0.7,1769938789392,1
182365941,15.451,1.8,1769938789394,1
182365942,15.45,12.1,1769938789488,1
182365943,15.449,1.8,1769938789580,1
182365944,15.448,5.7,1769938789580,1
182365945,15.447,28.6,1769938789580,1
182365946,15.447,3.1,1769938789636,0
182365947,15.448,0.7,1769938789638,0
182365948,15.449,0.7,1769938789639,0
182365949,15.45,1.1,1769938789639,0
182365950,15.452,0.7,1769938789696,0
182365951,15.453,0.7,1769938789699,0
182365952,15.453,0.7,1769938789911,1
182365953,15.452,0.7,1769938789914,1
182365954,15.451,1.8,1769938789914,1
182365955,15.45,0.7,1769938789998,1
182365956,15.45,15.0,1769938790004,0
182365957,15.451,29.2,1769938790004,0
182365958,15.452,8.3,1769938790004,0
182365959,15.453,8.4,1769938790004,0
182365960,15.454,54.1,1769938790004,0
182365961,15.455,12.7,1769938790004,0
182365962,15.456,27.0,1769938790004,0
182365963,15.451,5.2,1769938790005,0
182365964,15.452,2.0,1769938790005,0
182365965,15.454,10.5,1769938790013,0
182365966,15.455,0.8,1769938790112,1
182365967,15.456,0.7,1769938790195,0
182365968,15.457,2.4,1769938790195,0
182365969,15.458,1.1,1769938790199,0
182365970,15.459,0.7,1769938790250,0
182365971,15.46,2.4,1769938790308,0
182365972,15.461,23.1,1769938790308,0
182365973,15.459,8.5,1769938790382,1
182365974,15.458,12.2,1769938790382,1
182365975,15.457,7.9,1769938790382,1
182365976,15.456,15.8,1769938790382,1
182365977,15.455,13.5,1769938790382,1
182365978,15.454,36.3,1769938790382,1
182365979,15.453,33.9,1769938790382,1
182365980,15.452,30.8,1769938790382,1
182365981,15.451,34.6,1769938790382,1
182365982,15.45,14.5,1769938790382,1
182365983,15.457,1.3,1769938790446,0
182365984,15.458,1.2,1769938790446,0
182365985,15.451,2.3,1769938790465,1
182365986,15.457,1.3,1769938790547,0
182365987,15.458,1.2,1769938790547,0
182365988,15.459,0.7,1769938790577,0
182365989,15.46,1.8,1769938790578,0
182365990,15.461,7.2,1769938790578,0
182365991,15.462,2.2,1769938790578,0
182365992,15.463,0.7,1769938790580,0
182365993,15.464,0.7,1769938790596,0
182365994,15.465,14.2,1769938790598,0
182365995,15.466,1.8,1769938790598,0
182365996,15.466,0.6,1769938790629,1
182365997,15.464,0.7,1769938790730,1
182365998,15.463,1.4,1769938790972,1
182365999,15.465,0.7,1769938791049,0
182366000,15.466,1.8,1769938791051,0
182366001,15.467,2.3,1769938791051,0
182366002,15.468,2.2,1769938791052,0
182366003,15.469,31.9,1769938791093,0
182366004,15.47,3.7,1769938791093,0
182366005,15.471,0.7,1769938791100,0
182366006,15.472,2.1,1769938791100,0
182366007,15.473,1.8,1769938791106,0
182366008,15.467,7.2,1769938791251,1
182366009,15.466,0.7,1769938791258,1
182366010,15.465,1.2,1769938791260,1
182366011,15.465,16.3,1769938791281,0
182366012,15.466,14.4,1769938791281,0
182366013,15.467,1.4,1769938791281,0
182366014,15.468,17.2,1769938791281,0
182366015,15.47,1.3,1769938791283,0
182366016,15.471,0.7,1769938791286,0
182366017,15.47,0.4,1769938791413,1
182366018,15.47,25.4,1769938791570,1
182366019,15.469,0.7,1769938791582,1
182366020,15.468,0.7,1769938791582,1
182366021,15.467,6.8,1769938791582,1
182366022,15.466,1.1,1769938791582,1
182366023,15.465,6.8,1769938791582,1
182366024,15.464,17.4,1769938791582,1
182366025,15.463,56.1,1769938791582,1
182366026,15.462,0.4,1769938791584,1
182366027,15.463,24.7,1769938791595,0
182366028,15.466,1.3,1769938791598,0
182366029,15.468,1.3,1769938791601,0
182366030,15.467,8.0,1769938791631,1
182366031,15.469,7.2,1769938791658,0
182366032,15.47,7.6,1769938791658,0
182366033,15.471,5.0,1769938791658,0
182366034,15.472,15.5,1769938791658,0
182366035,15.473,11.7,1769938791658,0
182366036,15.474,36.9,1769938791658,0
182366037,15.475,39.2,1769938791658,0
182366038,15.476,45.3,1769938791658,0
182366039,15.477,71.5,1769938791658,0
182366040,15.478,69.9,1769938791659,0
182366041,15.479,6.5,1769938791659,0
182366042,15.48,34.1,1769938791661,0
182366043,15.481,0.7,1769938791718,0
182366044,15.482,0.7,1769938791720,0
182366045,15.483,2.8,1769938791724,0
182366046,15.484,0.7,1769938791800,0
182366047,15.485,1.5,1769938791800,0
182366048,15.486,29.2,1769938791800,0
182366049,15.487,1.5,1769938791800,0
182366050,15.488,1.1,1769938791802,0
182366051,15.488,11.0,1769938791952,0
182366052,15.489,4.2,1769938791952,0
182366053,15.49,1.8,1769938791952,0
182366054,15.491,6.5,1769938791952,0
182366055,15.492,8.8,1769938791952,0
182366056,15.49,0.6,1769938792043,1
182366057,15.489,6.2,1769938792043,1
182366058,15.488,5.2,1769938792043,1
182366059,15.487,8.0,1769938792043,1
182366060,15.487,1.9,1769938792147,1
182366061,15.486,2.0,1769938792147,1
182366062,15.485,1.8,1769938792234,1
182366063,15.484,0.7,1769938792238,1
182366064,15.483,0.7,1769938792241,1
182366065,15.482,0.7,1769938792244,1
182366066,15.481,1.8,1769938792244,1
182366067,15.48,0.8,1769938792244,1
182366068,15.48,9.2,1769938792286,0
182366069,15.481,0.7,1769938792304,0
182366070,15.482,2.5,1769938792345,0
182366071,15.483,2.0,1769938792346,0
182366072,15.484,0.7,1769938792377,0
182366073,15.485,0.7,1769938792377,0
182366074,15.486,20.3,1769938792377,0
182366075,15.487,1.1,1769938792378,0
182366076,15.488,2.2,1769938792378,0
182366077,15.489,6.9,1769938792378,0
182366078,15.49,2.2,1769938792378,0
182366079,15.491,0.7,1769938792380,0
182366080,15.492,113.9,1769938792380,0
182366081,15.493,0.4,1769938792428,0
182366082,15.492,5.5,1769938792438,1
182366083,15.492,7.2,1769938792458,0
182366084,15.491,0.4,1769938792477,1
182366085,15.49,0.2,1769938792477,1
182366086,15.492,7.2,1769938792522,0
182366087,15.493,27.2,1769938792522,0
182366088,15.494,0.7,1769938792609,0
182366089,15.495,2.8,1769938792609,0
182366090,15.496,5.1,1769938792727,0
182366091,15.497,0.7,1769938792778,0
182366092,15.498,3.0,1769938792778,0
182366093,15.499,1.1,1769938792778,0
182366094,15.5,168.3,1769938792778,0
182366095,15.501,7.8,1769938792780,0
182366096,15.502,17.3,1769938792780,0
182366097,15.502,33.9,1769938792788,1
182366098,15.501,2.2,1769938792792,1
182366099,15.502,29.2,1769938792826,0
182366100,15.503,6.1,1769938792828,0
182366101,15.504,7.7,1769938792858,0
182366102,15.502,8.7,1769938792883,1
182366103,15.501,6.3,1769938792894,1
182366104,15.5,0.7,1769938792894,1
182366105,15.499,1.8,1769938792896,1
182366106,15.498,6.8,1769938792896,1
182366107,15.5,0.7,1769938793092,1
182366108,15.499,1.8,1769938793094,1
182366109,15.498,2.0,1769938793095,1
182366110,15.497,1.8,1769938793095,1
182366111,15.496,6.8,1769938793095,1
182366112,15.495,34.3,1769938793096,1
182366113,15.494,0.7,1769938793173,1
182366114,15.493,1.0,1769938793173,1
182366115,15.495,7.2,1769938793557,0
182366116,15.495,1.2,1769938793706,1
182366117,15.493,0.7,1769938793861,1
182366118,15.492,0.7,1769938793861,1
182366119,15.491,0.7,1769938793863,1
182366120,15.49,0.5,1769938793893,1
182366121,15.489,1.8,1769938793893,1
182366122,15.488,0.7,1769938793937,1
182366123,15.487,5.7,1769938793937,1
182366124,15.486,1.1,1769938793942,1
182366125,15.485,4.5,1769938793943,1
182366126,15.484,1.1,1769938793943,1
182366127,15.483,3.5,1769938793944,1
182366128,15.482,0.7,1769938793953,1
182366129,15.481,0.7,1769938793955,1
182366130,15.481,8.1,1769938794146,0
182366131,15.482,36.4,1769938794146,0
182366132,15.483,167.5,1769938794146,0
182366133,15.484,0.7,1769938794147,0
182366134,15.485,32.8,1769938794147,0
182366135,15.481,30.4,1769938794148,0
182366136,15.482,24.8,1769938794148,0
182366137,15.485,2.4,1769938794203,1
182366138,15.483,0.7,1769938794206,1
182366139,15.482,0.7,1769938794221,1
182366140,15.481,1.8,1769938794223,1
182366141,15.48,0.7,1769938794226,1
182366142,15.479,1.2,1769938794232,1
182366143,15.479,3.1,1769938794241,0
182366144,15.481,0.7,1769938794241,0
182366145,15.482,2.0,1769938794243,0
182366146,15.484,5.7,1769938794244,0
182366147,15.485,0.7,1769938794245,0
182366148,15.486,7.2,1769938794248,0
182366149,15.485,16.0,1769938794297,1
182366150,15.484,5.2,1769938794297,1
182366151,15.486,0.7,1769938794365,0
182366152,15.487,6.2,1769938794365,0
182366153,15.488,6.1,1769938794365,0
182366154,15.489,21.2,1769938794478,0
182366155,15.49,12.4,1769938794478,0
182366156,15.491,1.3,1769938794515,0
182366157,15.492,1.8,1769938794515,0
182366158,15.493,0.7,1769938794515,0
182366159,15.494,2.2,1769938794515,0
182366160,15.495,40.1,1769938794515,0
182366161,15.496,8.7,1769938794515,0
182366162,15.497,2.4,1769938794515,0
182366163,15.498,23.3,1769938794516,0
182366164,15.499,6.1,1769938794516,0
182366165,15.5,12.0,1769938794516,0
182366166,15.501,0.7,1769938794516,0
182366167,15.502,1.8,1769938794516,0
182366168,15.503,42.9,1769938794516,0
182366169,15.495,10.8,1769938794562,1
182366170,15.495,7.2,1769938794584,0
182366171,15.496,5.0,1769938794585,0
182366172,15.497,0.7,1769938794594,0
182366173,15.498,0.7,1769938794594,0
182366174,15.499,0.7,1769938794594,0
182366175,15.5,5.0,1769938794594,0
182366176,15.5,3.1,1769938794603,1
182366177,15.498,4.8,1769938794603,1
182366178,15.501,9.2,1769938794691,0
182366179,15.502,1.8,1769938794691,0
182366180,15.503,0.7,1769938794691,0
182366181,15.504,6.8,1769938794691,0
182366182,15.505,5.2,1769938794691,0
182366183,15.499,0.8,1769938794706,1
182366184,15.503,15.8,1769938794782,0
182366185,15.504,7.1,1769938794782,0
182366186,15.505,2.0,1769938794782,0
182366187,15.504,1.6,1769938794906,0
182366188,15.505,2.4,1769938794906,0
182366189,15.5,0.7,1769938795069,1
182366190,15.499,0.7,1769938795071,1
182366191,15.498,7.2,1769938795073,1
182366192,15.499,0.5,1769938795088,0
182366193,15.498,1.3,1769938795117,1
182366194,15.497,5.0,1769938795121,1
182366195,15.496,0.7,1769938795144,1
182366196,15.495,1.8,1769938795144,1
182366197,15.494,0.7,1769938795144,1
182366198,15.493,0.9,1769938795144,1
182366199,15.492,4.5,1769938795197,1
182366200,15.491,1.3,1769938795197,1
182366201,15.496,0.7,1769938795276,0
182366202,15.497,11.9,1769938795276,0
182366203,15.498,0.3,1769938795276,0
182366204,15.496,1.3,1769938795303,1
182366205,15.498,7.2,1769938795515,0
182366206,15.498,1.3,1769938795551,1
182366207,15.496,0.7,1769938795552,1
182366208,15.495,7.8,1769938795552,1
182366209,15.494,0.7,1769938795552,1
182366210,15.493,8.7,1769938795552,1
182366211,15.494,2.0,1769938795611,0
182366212,15.496,6.6,1769938795611,0
182366213,15.497,0.7,1769938795611,0
182366214,15.498,7.0,1769938795611,0
182366215,15.499,13.7,1769938795723,0
182366216,15.5,1.8,1769938795723,0
182366217,15.501,0.7,1769938795725,0
182366218,15.502,2.2,1769938795727,0
182366219,15.503,1.1,1769938795731,0
182366220,15.504,1.1,1769938795798,0
182366221,15.505,66.5,1769938795798,0
182366222,15.506,5.7,1769938795799,0
182366223,15.507,1.9,1769938795800,0
182366224,15.508,4.0,1769938795800,0
182366225,15.506,3.1,1769938795800,1
182366226,15.505,10.3,1769938795800,1
182366227,15.508,0.7,1769938795810,1
182366228,15.502,0.7,1769938795876,1
182366229,15.501,1.8,1769938795876,1
182366230,15.5,0.7,1769938795880,1
182366231,15.499,1.1,1769938795880,1
182366232,15.498,2.4,1769938795901,1
182366233,15.497,1.1,1769938795901,1
182366234,15.496,0.2,1769938795901,1
182366235,15.496,0.5,1769938796020,1
182366236,15.495,2.2,1769938796020,1
182366237,15.494,1.1,1769938796020,1
182366238,15.493,6.7,1769938796020,1
182366239,15.492,11.0,1769938796020,1
182366240,15.491,13.3,1769938796020,1
182366241,15.49,12.9,1769938796020,1
182366242,15.491,0.4,1769938796022,1
182366243,15.492,7.9,1769938796225,1
182366244,15.491,7.2,1769938796225,1
182366245,15.492,3.0,1769938796228,0
182366246,15.492,3.5,1769938796273,1
182366247,15.495,0.4,1769938796301,0
182366248,15.492,0.4,1769938796331,1
182366249,15.491,1.1,1769938796331,1
182366250,15.493,10.8,1769938796373,0
182366251,15.494,6.4,1769938796373,0
182366252,15.494,34.7,1769938796383,1
182366253,15.493,1.8,1769938796412,1
182366254,15.49,17.8,1769938796459,1
182366255,15.489,1.8,1769938796481,1
182366256,15.488,0.7,1769938796481,1
182366257,15.487,2.2,1769938796481,1
182366258,15.486,1.1,1769938796550,1
182366259,15.485,5.5,1769938796550,1
182366260,15.484,1.5,1769938796567,1
182366261,15.483,5.9,1769938796567,1
182366262,15.482,29.6,1769938796567,1
182366263,15.481,1.1,1769938796569,1
182366264,15.48,3.7,1769938796570,1
182366265,15.479,1.8,1769938796570,1
182366266,15.479,3.1,1769938796747,0
182366267,15.48,0.7,1769938796748,0
182366268,15.481,0.7,1769938796748,0
182366269,15.482,2.0,1769938796748,0
182366270,15.483,5.7,1769938796749,0
182366271,15.484,0.7,1769938796771,0
182366272,15.485,5.7,1769938796772,0
182366273,15.485,1.5,1769938796772,1
182366274,15.484,22.8,1769938796776,1
182366275,15.485,37.2,1769938796795,0
182366276,15.486,0.7,1769938796797,0
182366277,15.487,1.1,1769938796817,0
182366278,15.488,0.7,1769938796819,0
182366279,15.489,4.0,1769938796819,0
182366280,15.49,5.7,1769938796842,0
182366281,15.491,17.2,1769938796842,0
182366282,15.492,1.1,1769938796900,0
182366283,15.493,0.7,1769938796900,0
182366284,15.494,6.7,1769938796900,0
182366285,15.495,18.4,1769938796900,0
182366286,15.496,5.3,1769938796900,0
182366287,15.489,43.8,1769938796902,1
182366288,15.487,0.7,1769938796917,1
182366289,15.486,0.7,1769938796919,1
182366290,15.485,2.0,1769938796921,1
182366291,15.484,0.7,1769938796924,1
182366292,15.483,0.7,1769938796926,1
182366293,15.483,13.7,1769938796945,0
182366294,15.484,6.5,1769938796945,0
182366295,15.486,0.7,1769938796957,0
182366296,15.487,0.7,1769938796959,0
182366297,15.487,16.2,1769938796997,1
182366298,15.486,5.5,1769938796997,1
182366299,15.485,6.3,1769938796997,1
182366300,15.488,1.3,1769938797008,1
182366301,15.487,1.3,1769938797013,1
182366302,15.485,0.7,1769938797047,1
182366303,15.485,14.2,1769938797051,0
182366304,15.486,96.8,1769938797053,0
182366305,15.488,0.7,1769938797056,0
182366306,15.489,0.7,1769938797058,0
182366307,15.49,1.8,1769938797058,0
182366308,15.491,0.7,1769938797060,0
182366309,15.487,0.7,1769938797171,1
182366310,15.486,6.3,1769938797171,1
182366311,15.485,4.3,1769938797181,1
182366312,15.49,8.1,1769938797355,0
182366313,15.491,0.7,1769938797356,0
182366314,15.492,1.8,1769938797357,0
182366315,15.492,22.3,1769938797397,1
182366316,15.492,4.5,1769938797437,0
182366317,15.49,0.7,1769938797560,1
182366318,15.491,1.7,1769938797741,0
182366319,15.493,0.7,1769938797742,0
182366320,15.494,9.3,1769938797742,0
182366321,15.495,0.7,1769938797744,0
182366322,15.493,0.7,1769938798015,1
182366323,15.493,6.5,1769938798018,0
182366324,15.494,10.0,1769938798018,0
182366325,15.495,7.9,1769938798018,0
182366326,15.496,17.7,1769938798018,0
182366327,15.497,34.8,1769938798018,0
182366328,15.498,30.9,1769938798018,0
182366329,15.499,27.1,1769938798018,0
182366330,15.5,20.5,1769938798018,0
182366331,15.497,25.0,1769938798069,1
182366332,15.499,0.7,1769938798497,0
182366333,15.5,2.7,1769938798497,0
182366334,15.499,1.9,1769938798513,1
182366335,15.502,1.1,1769938798557,0
182366336,15.503,0.7,1769938798557,0
182366337,15.504,2.2,1769938798558,0
182366338,15.505,3.0,1769938798562,0
182366339,15.506,0.7,1769938798587,0
182366340,15.507,2.2,1769938798589,0
182366341,15.508,1.8,1769938798591,0
182366342,15.509,18.2,1769938798600,0
182366343,15.51,2.2,1769938798602,0
182366344,15.511,0.7,1769938798602,0
182366345,15.512,3.2,1769938798603,0
182366346,15.513,1.1,1769938798603,0
182366347,15.514,114.8,1769938798603,0
182366348,15.515,2.2,1769938798605,0
182366349,15.516,2.6,1769938798605,0
182366350,15.517,1.3,1769938798605,0
182366351,15.516,40.8,1769938798612,1
182366352,15.517,7.2,1769938798821,0
182366353,15.518,26.2,1769938798841,0
182366354,15.519,18.6,1769938798842,0
182366355,15.52,60.4,1769938798842,0
182366356,15.519,0.5,1769938798984,0
182366357,15.516,0.7,1769938799084,1
182366358,15.515,0.7,1769938799133,1
182366359,15.514,1.5,1769938799133,1
182366360,15.513,1.8,1769938799152,1
182366361,15.512,0.7,1769938799152,1
182366362,15.511,3.0,1769938799152,1
182366363,15.513,4.2,1769938799382,0
182366364,15.514,0.7,1769938799387,0
182366365,15.515,0.7,1769938799423,0
182366366,15.516,1.8,1769938799423,0
182366367,15.517,2.3,1769938799424,0
182366368,15.518,2.2,1769938799424,0
182366369,15.519,181.0,1769938799425,0
182366370,15.52,169.0,1769938799425,0
182366371,15.521,2.2,1769938799426,0
182366372,15.522,9.6,1769938799427,0
182366373,15.519,1.1,1769938799481,1
182366374,15.518,0.7,1769938799483,1
182366375,15.517,0.7,1769938799495,1
182366376,15.515,6.5,1769938799500,1
182366377,15.514,53.4,1769938799500,1
182366378,15.513,0.8,1769938799504,1
182366379,15.512,1.1,1769938799506,1
182366380,15.511,2.0,1769938799584,1
182366381,15.51,1.1,1769938799584,1
182366382,15.509,7.5,1769938799584,1
182366383,15.508,17.2,1769938799584,1
182366384,15.507,2.2,1769938799584,1
182366385,15.506,37.1,1769938799584,1
182366386,15.507,0.4,1769938799587,1
182366387,15.507,1.2,1769938799831,0
182366388,15.505,0.7,1769938799922,1
182366389,15.504,0.9,1769938799922,1
182366390,15.507,12.1,1769938799934,0
182366391,15.508,8.1,1769938799934,0
182366392,15.505,7.2,1769938799988,1
182366393,15.504,7.8,1769938799988,1
182366394,15.503,6.8,1769938799988,1
182366395,15.502,15.2,1769938799988,1
182366396,15.501,10.7,1769938799988,1
182366397,15.5,0.7,1769938800076,1
182366398,15.499,2.6,1769938800078,1
182366399,15.498,6.7,1769938800078,1
182366400,15.497,13.5,1769938800078,1
182366401,15.496,1.1,1769938800078,1
182366402,15.495,11.4,1769938800078,1
182366403,15.494,12.2,1769938800078,1
182366404,15.493,3.9,1769938800081,1
182366405,15.492,3.3,1769938800082,1
182366406,15.491,0.7,1769938800166,1
182366407,15.49,26.3,1769938800166,1
182366408,15.489,2.6,1769938800171,1
182366409,15.488,0.7,1769938800171,1
182366410,15.487,0.7,1769938800180,1
182366411,15.486,1.5,1769938800182,1
182366412,15.485,35.0,1769938800182,1
182366413,15.484,1.5,1769938800182,1
182366414,15.483,0.4,1769938800184,1
182366415,15.486,0.7,1769938800218,0
182366416,15.487,0.7,1769938800218,0
182366417,15.488,0.8,1769938800220,0
182366418,15.49,0.7,1769938800307,0
182366419,15.491,0.7,1769938800309,0
182366420,15.492,0.7,1769938800311,0
182366421,15.493,0.7,1769938800314,0
182366422,15.494,0.7,1769938800316,0
182366423,15.493,7.5,1769938800496,1
182366424,15.495,20.2,1769938800515,0
182366425,15.496,2.0,1769938800543,0
182366426,15.497,0.7,1769938800559,0
182366427,15.498,6.0,1769938800559,0
182366428,15.499,4.4,1769938800559,0
182366429,15.5,8.1,1769938800559,0
182366430,15.495,3.3,1769938800559,1
182366431,15.5,2.8,1769938800584,0
182366432,15.498,3.0,1769938800609,0
182366433,15.495,3.1,1769938800644,1
182366434,15.496,0.6,1769938800664,0
182366435,15.495,0.5,1769938800727,1
182366436,15.493,0.3,1769938800727,1
182366437,15.494,4.5,1769938800738,0
182366438,15.495,15.2,1769938800771,1
182366439,15.493,1.5,1769938800773,1
182366440,15.492,0.7,1769938800793,1
182366441,15.491,0.7,1769938800796,1
182366442,15.49,0.7,1769938800796,1
182366443,15.489,5.9,1769938800797,1
182366444,15.49,6.4,1769938800862,0
182366445,15.491,0.7,1769938800865,0
182366446,15.492,0.7,1769938800867,0
182366447,15.493,0.7,1769938800905,0
182366448,15.494,0.7,1769938800907,0
182366449,15.494,10.0,1769938800910,1
182366450,15.493,38.4,1769938800910,1
182366451,15.493,6.4,1769938800939,0
182366452,15.494,0.7,1769938800955,0
182366453,15.495,9.3,1769938800955,0
182366454,15.493,3.3,1769938800989,0
182366455,15.492,0.7,1769938800998,1
182366456,15.491,0.7,1769938800998,1
182366457,15.49,0.7,1769938800998,1
182366458,15.489,17.7,1769938801000,1
182366459,15.488,5.5,1769938801000,1
182366460,15.49,4.5,1769938801035,0
182366461,15.488,0.7,1769938801084,1
182366462,15.487,0.4,1769938801139,1
182366463,15.488,2.7,1769938801151,0
182366464,15.487,0.3,1769938801186,1
182366465,15.486,0.7,1769938801188,1
182366466,15.485,4.2,1769938801188,1
182366467,15.484,0.7,1769938801188,1
182366468,15.483,2.6,1769938801189,1
182366469,15.486,7.1,1769938801189,0
182366470,15.482,30.8,1769938801189,1
182366471,15.481,3.0,1769938801189,1
182366472,15.48,34.0,1769938801189,1
182366473,15.479,1.9,1769938801192,1
182366474,15.478,1.5,1769938801192,1
182366475,15.477,0.4,1769938801192,1
182366476,15.478,3.6,1769938801233,0
182366477,15.479,2.8,1769938801237,0
182366478,15.48,4.3,1769938801237,0
182366479,15.477,0.3,1769938801237,1
182366480,15.476,1.3,1769938801237,1
182366481,15.475,1.3,1769938801242,1
182366482,15.474,1.1,1769938801242,1
182366483,15.473,65.2,1769938801242,1
182366484,15.472,2.0,1769938801245,1
182366485,15.471,0.7,1769938801245,1
182366486,15.47,1.1,1769938801245,1
182366487,15.469,4.1,1769938801245,1
182366488,15.468,17.3,1769938801245,1
182366489,15.467,4.5,1769938801245,1
182366490,15.466,2.6,1769938801245,1
182366491,15.465,7.2,1769938801245,1
182366492,15.464,5.7,1769938801245,1
182366493,15.463,8.1,1769938801245,1
182366494,15.465,3.7,1769938801247,0
182366495,15.462,0.4,1769938801247,1
182366496,15.464,32.8,1769938801254,1
182366497,15.465,3.5,1769938801256,0
182366498,15.468,0.7,1769938801265,0
182366499,15.469,1.3,1769938801268,0
182366500,15.47,2.3,1769938801268,0
182366501,15.465,1.1,1769938801324,1
182366502,15.464,19.2,1769938801324,1
182366503,15.463,9.0,1769938801324,1
182366504,15.466,2.8,1769938801326,0
182366505,15.462,1.4,1769938801344,1
182366506,15.461,2.9,1769938801345,1
182366507,15.46,0.7,1769938801345,1
182366508,15.459,3.5,1769938801345,1
182366509,15.458,5.7,1769938801345,1
182366510,15.457,1.8,1769938801345,1
182366511,15.456,5.0,1769938801345,1
182366512,15.455,47.8,1769938801349,1
182366513,15.454,0.7,1769938801349,1
182366514,15.453,3.0,1769938801349,1
182366515,15.452,11.8,1769938801353,1
182366516,15.451,1.8,1769938801353,1
182366517,15.45,1.5,1769938801353,1
182366518,15.456,5.7,1769938801355,0
182366519,15.457,9.4,1769938801363,0
182366520,15.458,7.9,1769938801366,0
182366521,15.459,9.2,1769938801366,0
182366522,15.461,2.6,1769938801374,0
182366523,15.458,24.8,1769938801378,1
182366524,15.456,24.8,1769938801379,1
182366525,15.455,7.3,1769938801380,1
182366526,15.454,25.5,1769938801380,1
182366527,15.453,1.1,1769938801380,1
182366528,15.454,7.1,1769938801390,0
182366529,15.451,1.1,1769938801394,1
182366530,15.449,26.8,1769938801394,1
182366531,15.45,0.7,1769938801396,1
182366532,15.448,0.7,1769938801396,1
182366533,15.447,7.4,1769938801396,1
182366534,15.446,22.5,1769938801396,1
182366535,15.445,3.3,1769938801398,1
182366536,15.444,1.9,1769938801398,1
182366537,15.443,7.6,1769938801398,1
182366538,15.442,13.7,1769938801399,1
182366539,15.441,7.5,1769938801399,1
182366540,15.443,38.2,1769938801400,1
182366541,15.445,17.4,1769938801416,0
182366542,15.446,0.7,1769938801430,0
182366543,15.447,0.7,1769938801434,0
182366544,15.446,6.5,1769938801437,1
182366545,15.448,0.7,1769938801444,1
182366546,15.447,2.0,1769938801444,1
182366547,15.444,0.7,1769938801449,1
182366548,15.443,1.8,1769938801449,1
182366549,15.442,0.7,1769938801449,1
182366550,15.441,1.8,1769938801452,1
182366551,15.44,7.6,1769938801452,1
182366552,15.44,3.1,1769938801457,0
182366553,15.441,3.8,1769938801457,0
182366554,15.442,27.3,1769938801457,0
182366555,15.445,6.7,1769938801457,0
182366556,15.441,1.3,1769938801466,0
182366557,15.442,0.7,1769938801473,0
182366558,15.443,0.7,1769938801473,0
182366559,15.445,4.2,1769938801473,0
182366560,15.441,4.5,1769938801474,1
182366561,15.442,1.3,1769938801475,0
182366562,15.443,1.1,1769938801491,1
182366563,15.441,1.1,1769938801493,1
182366564,15.439,3.8,1769938801493,1
182366565,15.438,1.5,1769938801493,1
182366566,15.439,25.0,1769938801498,1
182366567,15.437,13.8,1769938801501,1
182366568,15.441,24.8,1769938801518,0
182366569,15.443,17.0,1769938801526,0
182366570,15.445,13.7,1769938801528,0
182366571,15.441,2.6,1769938801536,1
182366572,15.439,1.1,1769938801544,1
182366573,15.437,1.1,1769938801545,1
182366574,15.436,1.3,1769938801547,1
182366575,15.436,3.1,1769938801548,0
182366576,15.437,3.1,1769938801548,0
182366577,15.443,19.0,1769938801548,0
182366578,15.435,2.8,1769938801549,1
182366579,15.434,1.1,1769938801549,1
182366580,15.435,3.1,1769938801550,0
182366581,15.438,3.1,1769938801552,1
182366582,15.439,18.9,1769938801563,0
182366583,15.44,0.7,1769938801563,0
182366584,15.441,0.7,1769938801563,0
182366585,15.442,7.4,1769938801563,0
182366586,15.441,0.6,1769938801571,1
182366587,15.44,16.8,1769938801583,0
182366588,15.44,3.1,1769938801640,1
182366589,15.439,0.7,1769938801643,1
182366590,15.438,0.7,1769938801643,1
182366591,15.435,1.8,1769938801646,1
182366592,15.434,0.7,1769938801670,1
182366593,15.433,3.9,1769938801670,1
182366594,15.432,2.1,1769938801670,1
182366595,15.431,18.6,1769938801670,1
182366596,15.43,1.7,1769938801670,1
182366597,15.429,3.7,1769938801671,1
182366598,15.428,1.1,1769938801671,1
182366599,15.427,2.2,1769938801671,1
182366600,15.426,6.1,1769938801671,1
182366601,15.425,0.4,1769938801673,1
182366602,15.429,7.0,1769938801678,0
182366603,15.43,3.5,1769938801678,0
182366604,15.432,24.3,1769938801678,0
182366605,15.433,6.8,1769938801678,0
182366606,15.428,0.8,1769938801719,1
182366607,15.432,0.4,1769938801730,0
182366608,15.433,0.4,1769938801730,0
182366609,15.427,51.2,1769938801740,1
182366610,15.426,0.7,1769938801742,1
182366611,15.425,3.1,1769938801742,1
182366612,15.424,23.2,1769938801742,1
182366613,15.423,2.2,1769938801742,1
182366614,15.422,9.2,1769938801742,1
182366615,15.421,3.7,1769938801742,1
182366616,15.42,25.4,1769938801742,1
182366617,15.421,7.7,1769938801747,0
182366618,15.423,3.1,1769938801747,0
182366619,15.424,13.0,1769938801747,0
182366620,15.426,0.7,1769938801753,0
182366621,15.419,13.1,1769938801770,1
182366622,15.423,19.2,1769938801837,0
182366623,15.424,16.0,1769938801837,0
182366624,15.421,30.8,1769938801845,0
182366625,15.422,55.2,1769938801845,0
182366626,15.423,145.7,1769938801877,0
182366627,15.424,0.7,1769938801883,0
182366628,15.425,0.7,1769938801883,0
182366629,15.426,79.4,1769938801887,0
182366630,15.427,0.7,1769938801890,0
182366631,15.426,6.9,1769938801926,0
182366632,15.427,5.0,1769938801930,0
182366633,15.428,5.7,1769938801932,0
182366634,15.429,1.5,1769938801933,0
182366635,15.43,13.3,1769938801933,0
182366636,15.431,22.9,1769938801933,0
182366637,15.432,1.5,1769938801965,0
182366638,15.433,7.8,1769938801965,0
182366639,15.432,4.1,1769938802078,1
182366640,15.433,3.9,1769938802120,0
182366641,15.434,1.8,1769938802120,0
182366642,15.435,0.7,1769938802120,0
182366643,15.436,1.2,1769938802120,0
182366644,15.435,7.2,1769938802159,1
182366645,15.434,0.7,1769938802176,1
182366646,15.433,2.0,1769938802178,1
182366647,15.433,0.9,1769938802202,0
182366648,15.432,7.4,1769938802238,1
182366649,15.435,0.7,1769938802264,0
182366650,15.436,1.1,1769938802265,0
182366651,15.437,0.7,1769938802268,0
182366652,15.438,19.8,1769938802268,0
182366653,15.439,0.7,1769938802270,0
182366654,15.44,21.1,1769938802290,0
182366655,15.44,40.2,1769938802317,1
182366656,15.438,0.7,1769938802370,1
182366657,15.437,0.7,1769938802370,1
182366658,15.436,0.7,1769938802370,1
182366659,15.435,13.7,1769938802370,1
182366660,15.434,2.7,1769938802370,1
182366661,15.433,3.1,1769938802399,1
182366662,15.432,20.8,1769938802399,1
182366663,15.431,30.5,1769938802399,1
182366664,15.43,8.1,1769938802399,1
182366665,15.429,10.5,1769938802399,1
182366666,15.428,62.9,1769938802399,1
182366667,15.427,7.2,1769938802399,1
182366668,15.426,8.3,1769938802399,1
182366669,15.425,12.0,1769938802399,1
182366670,15.424,80.0,1769938802399,1
182366671,15.423,61.9,1769938802399,1
182366672,15.422,25.1,1769938802399,1
182366673,15.423,1.2,1769938802408,0
182366674,15.426,28.6,1769938802445,1
182366675,15.425,5.7,1769938802447,1
182366676,15.424,0.7,1769938802448,1
182366677,15.423,1.1,1769938802449,1
182366678,15.421,26.6,1769938802449,1
182366679,15.42,2.0,1769938802449,1
182366680,15.419,3.1,1769938802477,1
182366681,15.418,1.8,1769938802494,1
182366682,15.417,2.2,1769938802494,1
182366683,15.416,6.1,1769938802494,1
182366684,15.415,4.3,1769938802494,1
182366685,15.414,6.5,1769938802494,1
182366686,15.413,1.8,1769938802497,1
182366687,15.412,2.7,1769938802497,1
182366688,15.414,19.6,1769938802597,0
182366689,15.416,0.7,1769938802602,0
182366690,15.417,2.0,1769938802605,0
182366691,15.418,31.0,1769938802632,1
182366692,15.417,38.1,1769938802641,1
182366693,15.416,7.9,1769938802641,1
182366694,15.415,0.7,1769938802641,1
182366695,15.414,28.7,1769938802641,1
182366696,15.413,43.0,1769938802641,1
182366697,15.412,24.6,1769938802641,1
182366698,15.411,2.2,1769938802643,1
182366699,15.41,7.7,1769938802643,1
182366700,15.409,2.3,1769938802643,1
182366701,15.408,4.7,1769938802644,1
182366702,15.407,4.4,1769938802649,1
182366703,15.406,2.0,1769938802649,1
182366704,15.405,3.8,1769938802655,1
182366705,15.404,3.3,1769938802655,1
182366706,15.405,3.1,1769938802666,0
182366707,15.407,31.0,1769938802666,0
182366708,15.408,26.0,1769938802667,0
182366709,15.409,0.7,1769938802667,0
182366710,15.414,0.7,1769938802676,0
182366711,15.415,0.7,1769938802676,0
182366712,15.416,1.1,1769938802678,0
182366713,15.418,7.5,1769938802678,0
182366714,15.419,6.7,1769938802678,0
182366715,15.42,1.8,1769938802680,0
182366716,15.421,0.7,1769938802680,0
182366717,15.419,23.7,1769938802708,1
182366718,15.418,14.6,1769938802710,1
182366719,15.415,23.7,1769938802710,1
182366720,15.413,1.8,1769938802711,1
182366721,15.412,5.7,1769938802711,1
182366722,15.411,1.1,1769938802724,1
182366723,15.41,0.7,1769938802724,1
182366724,15.409,1.8,1769938802724,1
182366725,15.408,1.1,1769938802724,1
182366726,15.407,1.1,1769938802761,1
182366727,15.406,1.3,1769938802761,1
182366728,15.405,2.2,1769938802761,1
182366729,15.404,26.6,1769938802761,1
182366730,15.403,2.6,1769938802803,1
182366731,15.402,1.1,1769938802803,1
182366732,15.401,6.1,1769938802803,1
182366733,15.402,5.6,1769938802857,1
182366734,15.401,24.3,1769938802857,1
182366735,15.404,0.7,1769938802896,0
182366736,15.405,5.3,1769938802896,0
182366737,15.403,6.0,1769938802898,1
182366738,15.402,4.0,1769938802898,1
182366739,15.401,0.9,1769938802898,1
182366740,15.4,147.2,1769938802898,1
182366741,15.405,0.7,1769938802918,0
182366742,15.406,0.7,1769938802919,0
182366743,15.405,4.9,1769938802930,0
182366744,15.407,0.7,1769938802930,0
182366745,15.408,0.7,1769938802930,0
182366746,15.409,5.7,1769938802930,0
182366747,15.41,0.7,1769938802930,0
182366748,15.411,7.3,1769938802930,0
182366749,15.409,1.4,1769938802947,0
182366750,15.408,0.7,1769938802996,0
182366751,15.409,0.7,1769938803004,0
182366752,15.41,0.7,1769938803007,0
182366753,15.411,0.7,1769938803033,0
182366754,15.412,2.6,1769938803033,0
182366755,15.413,0.7,1769938803033,0
182366756,15.414,2.6,1769938803033,0
182366757,15.415,7.1,1769938803035,0
182366758,15.416,8.9,1769938803050,0
182366759,15.415,7.5,1769938803064,1
182366760,15.414,39.1,1769938803064,1
182366761,15.415,0.7,1769938803069,1
182366762,15.414,0.7,1769938803069,1
182366763,15.413,0.4,1769938803069,1
182366764,15.416,5.0,1769938803092,0
182366765,15.417,2.0,1769938803092,0
182366766,15.418,1.8,1769938803092,0
182366767,15.419,16.9,1769938803092,0
182366768,15.42,1.8,1769938803097,0
182366769,15.421,29.2,1769938803097,0
182366770,15.422,25.3,1769938803097,0
182366771,15.423,5.7,1769938803097,0
182366772,15.424,25.3,1769938803097,0
182366773,15.425,37.8,1769938803097,0
182366774,15.426,15.8,1769938803097,0
182366775,15.427,4.3,1769938803097,0
182366776,15.419,3.3,1769938803103,0
182366777,15.42,3.2,1769938803126,1
182366778,15.423,5.7,1769938803140,0
182366779,15.424,11.0,1769938803140,0
182366780,15.425,35.4,1769938803140,0
182366781,15.426,7.9,1769938803140,0
182366782,15.422,0.4,1769938803199,0
182366783,15.424,0.7,1769938803199,0
182366784,15.425,7.9,1769938803199,0
182366785,15.426,2.0,1769938803199,0
182366786,15.421,0.4,1769938803204,1
182366787,15.419,1.3,1769938803330,1
182366788,15.418,0.7,1769938803330,1
182366789,15.417,0.7,1769938803330,1
182366790,15.416,0.5,1769938803330,1
182366791,15.417,3.1,1769938803333,0
182366792,15.418,3.1,1769938803333,0
182366793,15.423,4.7,1769938803333,0
182366794,15.424,33.5,1769938803333,0
182366795,15.425,3.3,1769938803333,0
182366796,15.42,17.1,1769938803341,1
182366797,15.421,2.5,1769938803514,0
182366798,15.422,17.2,1769938803613,0
182366799,15.423,0.7,1769938803630,0
182366800,15.424,0.7,1769938803633,0
182366801,15.424,9.7,1769938803643,1
182366802,15.423,0.5,1769938803680,1
182366803,15.425,10.7,1769938803711,0
182366804,15.426,0.7,1769938803713,0
182366805,15.427,0.7,1769938803713,0
182366806,15.428,2.9,1769938803713,0
182366807,15.429,1.1,1769938803713,0
182366808,15.43,3.5,1769938803713,0
182366809,15.431,11.1,1769938803713,0
182366810,15.428,0.7,1769938803761,1
182366811,15.425,1.1,1769938803761,1
182366812,15.424,0.6,1769938803762,1
182366813,15.423,1.3,1769938803762,1
182366814,15.422,0.7,1769938803762,1
182366815,15.421,2.2,1769938803770,1
182366816,15.42,0.7,1769938803772,1
182366817,15.419,21.4,1769938803954,1
182366818,15.418,0.7,1769938804046,1
182366819,15.419,42.7,1769938804064,0
182366820,15.418,0.4,1769938804323,1
182366821,15.419,8.7,1769938804428,0
182366822,15.418,22.8,1769938804460,1
182366823,15.417,2.2,1769938804460,1
182366824,15.416,3.3,1769938804460,1
182366825,15.415,1.8,1769938804463,1
182366826,15.414,0.7,1769938804463,1
182366827,15.413,2.5,1769938804463,1
182366828,15.412,1.1,1769938804463,1
182366829,15.411,1.8,1769938804467,1
182366830,15.41,45.0,1769938804467,1
182366831,15.409,4.1,1769938804478,1
182366832,15.408,0.7,1769938804478,1
182366833,15.407,2.2,1769938804478,1
182366834,15.406,0.1,1769938804494,1
182366835,15.408,2.5,1769938804546,0
182366836,15.41,0.7,1769938804593,0
182366837,15.411,0.7,1769938804596,0
182366838,15.412,0.7,1769938804599,0
182366839,15.413,0.7,1769938804627,0
182366840,15.414,3.2,1769938804630,0
182366841,15.412,5.7,1769938804655,1
182366842,15.411,0.7,1769938804707,1
182366843,15.41,5.7,1769938804707,1
182366844,15.409,13.0,1769938804707,1
182366845,15.408,0.7,1769938804726,1
182366846,15.407,1.8,1769938804726,1
182366847,15.406,2.3,1769938804727,1
182366848,15.405,7.9,1769938804727,1
182366849,15.404,21.1,1769938804727,1
182366850,15.403,7.2,1769938804727,1
182366851,15.402,6.5,1769938804727,1
182366852,15.401,1.8,1769938804737,1
182366853,15.4,41.1,1769938804737,1
182366854,15.399,103.4,1769938804737,1
182366855,15.398,6.5,1769938804739,1
182366856,15.397,3.7,1769938804739,1
182366857,15.396,7.9,1769938804739,1
182366858,15.396,3.1,1769938804770,0
182366859,15.399,8.8,1769938804777,0
182366860,15.401,0.7,1769938804784,0
182366861,15.401,0.6,1769938804792,1
182366862,15.402,30.6,1769938804819,1
182366863,15.401,23.7,1769938804819,1
182366864,15.4,16.3,1769938804820,1
182366865,15.399,1.8,1769938804837,1
182366866,15.398,0.7,1769938804837,1
182366867,15.397,1.8,1769938804837,1
182366868,15.396,0.7,1769938804885,1
182366869,15.395,3.4,1769938804885,1
182366870,15.394,7.2,1769938804886,1
182366871,15.393,3.9,1769938804887,1
182366872,15.392,37.9,1769938804887,1
182366873,15.391,8.7,1769938804888,1
182366874,15.39,4.4,1769938804888,1
182366875,15.389,10.9,1769938804888,1
182366876,15.388,3.3,1769938804891,1
182366877,15.387,1.8,1769938804895,1
182366878,15.386,2.8,1769938804895,1
182366879,15.385,3.6,1769938804895,1
182366880,15.384,5.2,1769938804895,1
182366881,15.383,6.8,1769938804895,1
182366882,15.382,4.6,1769938804896,1
182366883,15.389,0.7,1769938804897,0
182366884,15.381,0.4,1769938804898,1
182366885,15.382,5.1,1769938804922,0
182366886,15.386,7.7,1769938804948,0
182366887,15.387,0.3,1769938804948,0
182366888,15.388,0.7,1769938804969,0
182366889,15.389,5.8,1769938804976,0
182366890,15.39,5.8,1769938805006,0
182366891,15.391,5.8,1769938805006,0
182366892,15.392,5.7,1769938805006,0
182366893,15.393,0.7,1769938805006,0
182366894,15.395,4.7,1769938805006,0
182366895,15.39,18.5,1769938805011,0
182366896,15.389,1.3,1769938805056,1
182366897,15.387,1.8,1769938805062,1
182366898,15.387,10.3,1769938805084,0
182366899,15.388,7.2,1769938805084,0
182366900,15.389,1.7,1769938805084,0
182366901,15.388,5.0,1769938805106,0
182366902,15.389,15.0,1769938805106,0
182366903,15.386,0.7,1769938805121,1
182366904,15.389,20.0,1769938805121,0
182366905,15.386,15.3,1769938805154,0
182366906,15.387,0.7,1769938805163,0
182366907,15.388,5.7,1769938805212,0
182366908,15.389,0.7,1769938805212,0
182366909,15.39,82.6,1769938805212,0
182366910,15.391,5.7,1769938805212,0
182366911,15.392,0.7,1769938805212,0
182366912,15.393,0.7,1769938805212,0
182366913,15.394,6.5,1769938805212,0
182366914,15.395,1.5,1769938805212,0
182366915,15.396,1.5,1769938805213,0
182366916,15.397,1.9,1769938805214,0
182366917,15.398,56.8,1769938805214,0
182366918,15.399,8.2,1769938805214,0
182366919,15.4,0.7,1769938805214,0
182366920,15.401,5.7,1769938805214,0
182366921,15.402,7.8,1769938805214,0
182366922,15.403,2.0,1769938805215,0
182366923,15.402,3.2,1769938805220,1
182366924,15.4,7.2,1769938805237,1
182366925,15.399,0.7,1769938805239,1
182366926,15.398,0.7,1769938805239,1
182366927,15.396,1.0,1769938805239,1
182366928,15.401,0.7,1769938805281,0
182366929,15.402,4.2,1769938805281,0
182366930,15.403,2.0,1769938805359,0
182366931,15.404,0.7,1769938805363,0
182366932,15.405,5.6,1769938805366,0
182366933,15.404,1.3,1769938805374,1
182366934,15.405,0.8,1769938805459,0
182366935,15.406,0.7,1769938805459,0
182366936,15.407,13.1,1769938805459,0
182366937,15.403,0.7,1769938805516,1
182366938,15.402,0.7,1769938805516,1
182366939,15.401,0.7,1769938805516,1
182366940,15.4,0.7,1769938805519,1
182366941,15.399,1.8,1769938805519,1
182366942,15.398,0.7,1769938805521,1
182366943,15.397,2.2,1769938805524,1
182366944,15.396,5.0,1769938805524,1
182366945,15.396,3.5,1769938805795,0
182366946,15.397,0.7,1769938805795,0
182366947,15.398,1.8,1769938805795,0
182366948,15.399,0.7,1769938805795,0
182366949,15.4,1.8,1769938805795,0
182366950,15.401,6.0,1769938805795,0
182366951,15.402,1.8,1769938805795,0
182366952,15.403,7.0,1769938805795,0
182366953,15.404,6.9,1769938805795,0
182366954,15.405,11.2,1769938805795,0
182366955,15.406,6.3,1769938805795,0
182366956,15.407,7.3,1769938805795,0
182366957,15.402,0.7,1769938805829,1
182366958,15.403,1.3,1769938805840,0
182366959,15.406,1.8,1769938805843,0
182366960,15.407,1.4,1769938805844,0
182366961,15.408,1.8,1769938805845,0
182366962,15.409,5.7,1769938805849,0
182366963,15.41,0.7,1769938805852,0
182366964,15.411,21.1,1769938805873,0
182366965,15.412,1.8,1769938805875,0
182366966,15.413,1.1,1769938805880,0
182366967,15.413,6.5,1769938805882,1
182366968,15.414,1.8,1769938805882,0
182366969,15.415,19.2,1769938805883,0
182366970,15.416,3.5,1769938805885,0
182366971,15.417,1.1,1769938805890,0
182366972,15.417,9.2,1769938805892,1
182366973,15.416,0.7,1769938805939,1
182366974,15.415,0.7,1769938805954,1
182366975,15.413,7.7,1769938805955,1
182366976,15.412,0.7,1769938805955,1
182366977,15.411,1.1,1769938805956,1
182366978,15.41,0.4,1769938805957,1
182366979,15.409,2.2,1769938805957,1
182366980,15.408,0.7,1769938805957,1
182366981,15.41,0.7,1769938805958,1
182366982,15.407,7.7,1769938806007,1
182366983,15.406,2.0,1769938806009,1
182366984,15.405,0.7,1769938806009,1
182366985,15.404,1.1,1769938806041,1
182366986,15.403,0.7,1769938806041,1
182366987,15.402,0.7,1769938806041,1
182366988,15.401,0.7,1769938806041,1
182366989,15.4,0.7,1769938806041,1
182366990,15.399,11.9,1769938806041,1
182366991,15.398,0.7,1769938806041,1
182366992,15.397,43.6,1769938806041,1
182366993,15.396,16.7,1769938806044,1
182366994,15.395,34.2,1769938806044,1
182366995,15.394,26.3,1769938806044,1
182366996,15.394,3.1,1769938806049,0
182366997,15.399,21.6,1769938806151,1
182366998,15.397,3.0,1769938806151,1
182366999,15.396,24.5,1769938806244,1
182367000,15.395,1.8,1769938806245,1
182367001,15.394,0.7,1769938806245,1
182367002,15.393,3.1,1769938806245,1
182367003,15.392,3.8,1769938806245,1
182367004,15.391,2.2,1769938806245,1
182367005,15.39,1.1,1769938806271,1
182367006,15.389,1.8,1769938806274,1
182367007,15.389,3.1,1769938806297,0
182367008,15.39,12.2,1769938806297,0
182367009,15.391,19.0,1769938806297,0
182367010,15.392,0.7,1769938806297,0
182367011,15.393,22.4,1769938806297,0
182367012,15.394,31.9,1769938806297,0
182367013,15.395,11.2,1769938806297,0
182367014,15.389,18.2,1769938806317,1
182367015,15.388,38.4,1769938806317,1
182367016,15.39,4.0,1769938806344,0
182367017,15.394,3.5,1769938806366,0
182367018,15.395,0.4,1769938806374,1
182367019,15.396,4.0,1769938806374,0
182367020,15.397,0.7,1769938806374,0
182367021,15.398,0.7,1769938806374,0
182367022,15.399,5.7,1769938806374,0
182367023,15.4,30.7,1769938806374,0
182367024,15.401,30.4,1769938806374,0
182367025,15.402,11.7,1769938806374,0
182367026,15.4,0.7,1769938806540,1
182367027,15.399,1.1,1769938806540,1
182367028,15.398,0.7,1769938806540,1
182367029,15.397,5.5,1769938806541,1
182367030,15.396,0.7,1769938806542,1
182367031,15.395,1.8,1769938806542,1
182367032,15.394,0.7,1769938806543,1
182367033,15.396,0.7,1769938806578,0
182367034,15.397,4.2,1769938806693,0
182367035,15.398,0.9,1769938806779,0
182367036,15.394,0.6,1769938806781,1
182367037,15.396,0.5,1769938806830,1
182367038,15.399,4.2,1769938806885,0
182367039,15.4,5.7,1769938806885,0
182367040,15.401,4.2,1769938806885,0
182367041,15.396,3.6,1769938806888,1
182367042,15.399,4.7,1769938806934,1
182367043,15.398,33.0,1769938806987,1
182367044,15.397,18.0,1769938807069,1
182367045,15.396,0.7,1769938807082,1
182367046,15.396,17.7,1769938807190,0
182367047,15.397,0.7,1769938807190,0
182367048,15.398,1.8,1769938807191,0
182367049,15.399,165.3,1769938807191,0
182367050,15.4,1.8,1769938807191,0
182367051,15.401,0.7,1769938807192,0
182367052,15.402,3.1,1769938807192,0
182367053,15.403,32.8,1769938807192,0
182367054,15.404,1.8,1769938807195,0
182367055,15.405,1.1,1769938807197,0
182367056,15.406,2.8,1769938807234,0
182367057,15.407,26.7,1769938807234,0
182367058,15.408,15.2,1769938807234,0
182367059,15.409,26.4,1769938807234,0
182367060,15.41,0.4,1769938807236,0
182367061,15.409,2.3,1769938807245,1
182367062,15.407,2.3,1769938807245,1
182367063,15.406,1.3,1769938807248,1
182367064,15.406,8.0,1769938807278,0
182367065,15.408,5.7,1769938807304,0
182367066,15.406,1.3,1769938807316,1
182367067,15.405,1.8,1769938807316,1
182367068,15.403,40.1,1769938807318,1
182367069,15.402,0.7,1769938807318,1
182367070,15.404,7.2,1769938807344,0
182367071,15.405,1.4,1769938807344,0
182367072,15.406,0.7,1769938807389,0
182367073,15.407,0.7,1769938807393,0
182367074,15.408,1.8,1769938807394,0
182367075,15.409,0.7,1769938807396,0
182367076,15.41,0.3,1769938807413,0
182367077,15.411,0.7,1769938807414,0
182367078,15.412,2.2,1769938807416,0
182367079,15.413,1.5,1769938807429,0
182367080,15.414,1.8,1769938807429,0
182367081,15.415,2.4,1769938807429,0
182367082,15.416,6.7,1769938807429,0
182367083,15.417,11.7,1769938807429,0
182367084,15.418,40.8,1769938807429,0
182367085,15.419,26.1,1769938807429,0
182367086,15.42,31.8,1769938807429,0
182367087,15.421,5.7,1769938807429,0
182367088,15.422,39.5,1769938807429,0
182367089,15.423,6.3,1769938807429,0
182367090,15.424,7.4,1769938807429,0
182367091,15.425,31.7,1769938807429,0
182367092,15.426,10.5,1769938807429,0
182367093,15.427,0.4,1769938807431,0
182367094,15.422,5.9,1769938807518,1
182367095,15.427,6.4,1769938807615,0
182367096,15.425,4.7,1769938807638,1
182367097,15.424,6.4,1769938807638,1
182367098,15.423,1.9,1769938807638,1
182367099,15.426,24.6,1769938807679,0
182367100,15.427,5.5,1769938807703,0
182367101,15.428,2.9,1769938807703,0
182367102,15.429,13.0,1769938807703,0
182367103,15.43,6.1,1769938807704,0
182367104,15.429,1.3,1769938807707,0
182367105,15.431,0.6,1769938807707,0
182367106,15.432,2.2,1769938807707,0
182367107,15.431,4.8,1769938807718,0
182367108,15.432,0.4,1769938807718,0
182367109,15.433,2.2,1769938807718,0
182367110,15.434,12.0,1769938807718,0
182367111,15.435,5.7,1769938807720,0
182367112,15.436,7.6,1769938807720,0
182367113,15.437,6.1,1769938807720,0
182367114,15.438,13.2,1769938807720,0
182367115,15.439,2.8,1769938807720,0
182367116,15.438,5.2,1769938807730,0
182367117,15.434,14.7,1769938807734,1
182367118,15.438,14.7,1769938807756,0
182367119,15.439,27.3,1769938807756,0
182367120,15.44,2.2,1769938807785,0
182367121,15.441,1.1,1769938807786,0
182367122,15.442,0.4,1769938807786,0
182367123,15.44,0.7,1769938807795,1
182367124,15.442,6.2,1769938807798,0
182367125,15.443,4.6,1769938807798,0
182367126,15.444,6.8,1769938807798,0
182367127,15.445,0.7,1769938807839,0
182367128,15.446,1.8,1769938807850,0
182367129,15.447,2.3,1769938807851,0
182367130,15.448,6.1,1769938807851,0
182367131,15.449,1.5,1769938807860,0
182367132,15.45,1.8,1769938807860,0
182367133,15.451,1.1,1769938807862,0
182367134,15.451,19.4,1769938807865,1
182367135,15.45,17.9,1769938807867,1
182367136,15.448,0.7,1769938807891,1
182367137,15.447,1.7,1769938807891,1
182367138,15.445,3.1,1769938808038,1
182367139,15.444,0.7,1769938808038,1
182367140,15.443,6.8,1769938808038,1
182367141,15.442,18.2,1769938808038,1
182367142,15.441,3.6,1769938808038,1
182367143,15.447,0.7,1769938808070,1
182367144,15.448,5.0,1769938808118,0
182367145,15.449,1.4,1769938808146,0
182367146,15.45,167.1,1769938808149,0
182367147,15.451,0.7,1769938808151,0
182367148,15.452,31.0,1769938808152,0
182367149,15.453,1.7,1769938808216,0
182367150,15.453,3.1,1769938808282,1
182367151,15.452,6.3,1769938808282,1
182367152,15.451,14.7,1769938808282,1
182367153,15.45,7.1,1769938808283,1
182367154,15.449,2.2,1769938808283,1
182367155,15.45,7.7,1769938808326,0
182367156,15.451,10.4,1769938808326,0
182367157,15.452,28.9,1769938808326,0
182367158,15.453,5.5,1769938808326,0
182367159,15.448,0.7,1769938808327,1
182367160,15.447,2.4,1769938808327,1
182367161,15.446,30.5,1769938808327,1
182367162,15.453,16.0,1769938808334,0
182367163,15.454,9.9,1769938808334,0
182367164,15.449,44.9,1769938808357,1
182367165,15.448,11.1,1769938808357,1
182367166,15.447,5.0,1769938808359,1
182367167,15.446,41.3,1769938808361,1
182367168,15.448,0.7,1769938808482,0
182367169,15.449,0.7,1769938808484,0
182367170,15.45,1.8,1769938808484,0
182367171,15.451,5.7,1769938808524,0
182367172,15.452,1.8,1769938808524,0
182367173,15.453,0.7,1769938808525,0
182367174,15.454,35.5,1769938808555,0
182367175,15.455,0.7,1769938808555,0
182367176,15.455,17.5,1769938808558,1
182367177,15.454,41.7,1769938808558,1
182367178,15.453,6.9,1769938808558,1
182367179,15.456,16.1,1769938808591,0
182367180,15.457,1.5,1769938808591,0
182367181,15.458,6.8,1769938808591,0
182367182,15.459,11.0,1769938808591,0
182367183,15.452,6.4,1769938808633,1
182367184,15.451,8.1,1769938808635,1
182367185,15.45,0.7,1769938808635,1
182367186,15.449,1.8,1769938808635,1
182367187,15.448,0.7,1769938808636,1
182367188,15.447,2.2,1769938808636,1
182367189,15.446,52.0,1769938808636,1
182367190,15.445,1.6,1769938808639,1
182367191,15.447,11.7,1769938808820,0
182367192,15.447,7.2,1769938809037,0
182367193,15.446,0.9,1769938809038,1
182367194,15.447,7.3,1769938809038,0
182367195,15.448,0.7,1769938809038,0
182367196,15.449,0.7,1769938809040,0
182367197,15.45,1.8,1769938809042,0
182367198,15.45,4.7,1769938809051,1
182367199,15.447,62.0,1769938809086,0
182367200,15.45,1.1,1769938809097,0
182367201,15.451,7.7,1769938809097,0
182367202,15.452,1.8,1769938809097,0
182367203,15.453,24.0,1769938809097,0
182367204,15.454,9.0,1769938809097,0
182367205,15.455,4.1,1769938809097,0
182367206,15.448,2.5,1769938809156,1
182367207,15.452,53.2,1769938809162,0
182367208,15.453,11.5,1769938809162,0
182367209,15.454,35.1,1769938809162,0
182367210,15.455,12.3,1769938809162,0
182367211,15.456,40.9,1769938809162,0
182367212,15.457,7.3,1769938809162,0
182367213,15.458,20.9,1769938809162,0
182367214,15.459,31.7,1769938809162,0
182367215,15.46,2.2,1769938809162,0
182367216,15.461,31.2,1769938809162,0
182367217,15.462,7.2,1769938809162,0
182367218,15.463,7.8,1769938809162,0
182367219,15.464,25.8,1769938809162,0
182367220,15.465,12.3,1769938809162,0
182367221,15.466,9.0,1769938809162,0
182367222,15.467,5.7,1769938809162,0
182367223,15.468,11.2,1769938809162,0
182367224,15.469,11.3,1769938809162,0
182367225,15.47,16.6,1769938809162,0
182367226,15.471,18.8,1769938809162,0
182367227,15.472,17.1,1769938809162,0
182367228,15.473,11.7,1769938809163,0
182367229,15.474,11.2,1769938809163,0
182367230,15.475,11.5,1769938809163,0
182367231,15.476,15.4,1769938809163,0
182367232,15.477,19.7,1769938809163,0
182367233,15.478,10.1,1769938809163,0
182367234,15.479,19.5,1769938809163,0
182367235,15.48,74.1,1769938809163,0
182367236,15.481,14.2,1769938809163,0
182367237,15.482,12.0,1769938809163,0
182367238,15.483,10.6,1769938809163,0
182367239,15.484,13.5,1769938809163,0
182367240,15.485,21.8,1769938809163,0
182367241,15.486,17.6,1769938809163,0
182367242,15.487,2.7,1769938809165,0
182367243,15.488,3.8,1769938809165,0
182367244,15.489,8.2,1769938809165,0
182367245,15.49,0.7,1769938809165,0
182367246,15.491,24.2,1769938809165,0
182367247,15.492,0.7,1769938809165,0
182367248,15.493,0.7,1769938809166,0
182367249,15.494,2.5,1769938809166,0
182367250,15.495,0.7,1769938809166,0
182367251,15.496,2.9,1769938809166,0
182367252,15.497,1.3,1769938809166,0
182367253,15.498,0.7,1769938809166,0
182367254,15.499,30.4,1769938809166,0
182367255,15.5,53.1,1769938809166,0
182367256,15.501,3.0,1769938809168,0
182367257,15.502,1.2,1769938809168,0
182367258,15.503,0.7,1769938809168,0
182367259,15.504,1.1,1769938809168,0
182367260,15.505,9.2,1769938809168,0
182367261,15.506,29.0,1769938809170,0
182367262,15.507,70.4,1769938809171,0
182367263,15.508,36.6,1769938809171,0
182367264,15.507,30.0,1769938809173,0
182367265,15.508,31.4,1769938809173,0
182367266,15.505,0.7,1769938809174,1
182367267,15.507,17.9,1769938809175,0
182367268,15.508,132.0,1769938809175,0
182367269,15.506,1.7,1769938809176,1
182367270,15.507,1.7,1769938809176,0
182367271,15.506,1.6,1769938809177,1
182367272,15.506,5.6,1769938809177,0
182367273,15.507,36.2,1769938809177,0
182367274,15.508,5.7,1769938809178,1
182367275,15.507,5.0,1769938809178,1
182367276,15.504,5.0,1769938809178,1
182367277,15.503,5.7,1769938809179,1
182367278,15.502,5.7,1769938809187,1
182367279,15.501,1.3,1769938809188,1
182367280,15.5,0.7,1769938809188,1
182367281,15.499,1.5,1769938809188,1
182367282,15.498,4.9,1769938809189,1
182367283,15.496,32.1,1769938809190,1
182367284,15.494,14.2,1769938809190,1
182367285,15.493,31.1,1769938809190,1
182367286,15.497,5.6,1769938809194,0
182367287,15.498,5.6,1769938809194,0
182367288,15.497,0.7,1769938809206,1
182367289,15.495,4.7,1769938809218,1
182367290,15.494,0.7,1769938809218,1
182367291,15.495,5.7,1769938809229,0
182367292,15.5,0.7,1769938809238,0
182367293,15.501,11.6,1769938809238,0
182367294,15.502,2.8,1769938809240,0
182367295,15.5,0.7,1769938809240,1
182367296,15.499,0.7,1769938809256,1
182367297,15.498,7.0,1769938809256,1
182367298,15.493,0.4,1769938809269,1
182367299,15.501,7.0,1769938809312,0
182367300,15.502,30.0,1769938809312,0
182367301,15.502,3.1,1769938809320,1
182367302,15.501,7.2,1769938809345,1
182367303,15.498,18.7,1769938809385,1
182367304,15.496,0.7,1769938809387,1
182367305,15.495,0.7,1769938809430,1
182367306,15.494,6.9,1769938809430,1
182367307,15.493,8.3,1769938809430,1
182367308,15.492,16.9,1769938809432,1
182367309,15.491,0.7,1769938809436,1
182367310,15.49,2.3,1769938809436,1
182367311,15.489,0.7,1769938809436,1
182367312,15.488,11.5,1769938809436,1
182367313,15.487,8.7,1769938809436,1
182367314,15.488,10.4,1769938809440,1
182367315,15.49,0.7,1769938809555,1
182367316,15.489,7.9,1769938809555,1
182367317,15.488,1.3,1769938809558,1
182367318,15.487,4.3,1769938809558,1
182367319,15.486,5.7,1769938809558,1
182367320,15.485,9.5,1769938809558,1
182367321,15.487,4.7,1769938809654,0
182367322,15.488,4.3,1769938809654,0
182367323,15.487,9.6,1769938809656,0
182367324,15.488,20.9,1769938809656,0
182367325,15.485,1.3,1769938809705,1
182367326,15.484,1.1,1769938809705,1
182367327,15.483,1.8,1769938809705,1
182367328,15.482,0.4,1769938809705,1
182367329,15.488,3.8,1769938809796,0
182367330,15.489,0.7,1769938809798,0
182367331,15.49,14.7,1769938809798,0
182367332,15.491,0.7,1769938809805,0
182367333,15.492,0.7,1769938809807,0
182367334,15.493,0.7,1769938809839,0
182367335,15.494,0.7,1769938809839,0
182367336,15.495,4.0,1769938809864,1
182367337,15.496,10.3,1769938809943,0
182367338,15.497,2.2,1769938809943,0
182367339,15.498,0.3,1769938809943,0
182367340,15.493,7.7,1769938810003,1
182367341,15.492,0.7,1769938810003,1
182367342,15.491,1.8,1769938810003,1
182367343,15.49,6.4,1769938810003,1
182367344,15.489,7.1,1769938810003,1
182367345,15.488,14.3,1769938810003,1
182367346,15.487,2.4,1769938810040,1
182367347,15.486,2.7,1769938810072,1
182367348,15.485,4.0,1769938810073,1
182367349,15.484,1.1,1769938810131,1
182367350,15.483,5.4,1769938810131,1
182367351,15.487,5.5,1769938810143,0
182367352,15.488,8.9,1769938810143,0
182367353,15.487,1.0,1769938810203,1
182367354,15.485,2.6,1769938810222,1
182367355,15.483,1.9,1769938810281,1
182367356,15.482,0.7,1769938810283,1
182367357,15.481,2.2,1769938810285,1
182367358,15.48,0.4,1769938810287,1
182367359,15.481,11.2,1769938810305,0
182367360,15.482,14.4,1769938810305,0
182367361,15.483,15.3,1769938810305,0
182367362,15.484,4.7,1769938810305,0
182367363,15.485,6.1,1769938810305,0
182367364,15.486,10.4,1769938810305,0
182367365,15.487,29.3,1769938810305,0
182367366,15.488,29.2,1769938810305,0
182367367,15.489,10.3,1769938810305,0
182367368,15.48,9.8,1769938810399,1
182367369,15.479,0.7,1769938810414,1
182367370,15.478,1.1,1769938810414,1
182367371,15.483,0.7,1769938810620,0
182367372,15.484,4.0,1769938810671,0
182367373,15.485,1.1,1769938810671,0
182367374,15.486,21.6,1769938810673,0
182367375,15.487,2.2,1769938810673,0
182367376,15.487,39.2,1769938810705,1
182367377,15.483,0.7,1769938810734,1
182367378,15.482,0.7,1769938810737,1
182367379,15.481,1.8,1769938810737,1
182367380,15.48,0.7,1769938810782,1
182367381,15.479,0.7,1769938810784,1
182367382,15.478,1.1,1769938810794,1
182367383,15.477,7.9,1769938810794,1
182367384,15.476,108.5,1769938810794,1
182367385,15.475,20.8,1769938810795,1
182367386,15.474,4.4,1769938810795,1
182367387,15.473,2.0,1769938810797,1
182367388,15.474,45.4,1769938811056,1
182367389,15.473,5.0,1769938811057,1
182367390,15.472,2.0,1769938811057,1
182367391,15.471,6.5,1769938811057,1
182367392,15.47,0.5,1769938811238,1
182367393,15.471,3.3,1769938811285,0
182367394,15.472,0.7,1769938811286,0
182367395,15.473,0.7,1769938811290,0
182367396,15.474,0.7,1769938811341,0
182367397,15.472,3.4,1769938811363,1
182367398,15.473,1.3,1769938811380,0
182367399,15.471,7.2,1769938811510,1
182367400,15.47,25.2,1769938811511,1
182367401,15.469,2.9,1769938811511,1
182367402,15.468,0.7,1769938811511,1
182367403,15.467,6.3,1769938811512,1
182367404,15.466,1.5,1769938811512,1
182367405,15.465,2.2,1769938811512,1
182367406,15.464,3.8,1769938811514,1
182367407,15.463,1.0,1769938811600,1
182367408,15.466,10.6,1769938811629,0
182367409,15.467,13.7,1769938811629,0
182367410,15.468,0.7,1769938811630,0
182367411,15.469,8.1,1769938811630,0
182367412,15.47,0.7,1769938811630,0
182367413,15.471,1.1,1769938811630,0
182367414,15.468,5.0,1769938811631,1
182367415,15.469,4.6,1769938811658,0
182367416,15.47,0.7,1769938811690,0
182367417,15.469,4.1,1769938811721,1
182367418,15.471,0.7,1769938811905,0
182367419,15.472,0.7,1769938811905,0
182367420,15.473,0.7,1769938811908,0
182367421,15.474,0.7,1769938811912,0
182367422,15.475,21.0,1769938811914,0
182367423,15.476,0.7,1769938811919,0
182367424,15.476,2.5,1769938811945,1
182367425,15.474,0.7,1769938811945,1
182367426,15.473,1.8,1769938811947,1
182367427,15.472,1.3,1769938812009,1
182367428,15.471,1.8,1769938812009,1
182367429,15.47,0.7,1769938812009,1
182367430,15.469,1.8,1769938812009,1
182367431,15.468,37.9,1769938812009,1
182367432,15.467,2.2,1769938812046,1
182367433,15.466,0.7,1769938812250,1
182367434,15.465,1.8,1769938812250,1
182367435,15.464,1.9,1769938812252,1
182367436,15.465,5.0,1769938812299,0
182367437,15.467,1.5,1769938812299,0
182367438,15.466,0.9,1769938812342,1
182367439,15.467,0.7,1769938812349,0
182367440,15.468,0.7,1769938812355,0
182367441,15.469,3.1,1769938812356,0
182367442,15.469,43.4,1769938812445,1
182367443,15.468,13.7,1769938812445,1
182367444,15.467,44.1,1769938812445,1
182367445,15.466,32.6,1769938812445,1
182367446,15.465,43.6,1769938812445,1
182367447,15.464,27.3,1769938812445,1
182367448,15.463,4.0,1769938812445,1
182367449,15.462,29.0,1769938812445,1
182367450,15.461,7.9,1769938812445,1
182367451,15.46,53.0,1769938812445,1
182367452,15.459,6.7,1769938812445,1
182367453,15.458,5.5,1769938812445,1
182367454,15.462,7.2,1769938812518,1
182367455,15.464,0.7,1769938812566,0
182367456,15.465,1.8,1769938812566,0
182367457,15.466,10.6,1769938812566,0
182367458,15.467,13.1,1769938812566,0
182367459,15.468,6.4,1769938812566,0
182367460,15.469,33.3,1769938812566,0
182367461,15.47,0.7,1769938812615,0
182367462,15.471,2.2,1769938812615,0
182367463,15.47,0.8,1769938812785,1
182367464,15.471,0.9,1769938812820,0
182367465,15.469,4.3,1769938812827,1
182367466,15.471,3.2,1769938812833,0
182367467,15.472,13.7,1769938812833,0
182367468,15.473,12.7,1769938812833,0
182367469,15.471,0.4,1769938813003,1
182367470,15.47,0.7,1769938813003,1
182367471,15.469,34.4,1769938813003,1
182367472,15.468,0.7,1769938813003,1
182367473,15.467,10.8,1769938813003,1
182367474,15.467,15.5,1769938813265,1
182367475,15.466,20.1,1769938813268,1
182367476,15.465,1.8,1769938813274,1
182367477,15.464,0.7,1769938813281,1
182367478,15.463,1.8,1769938813418,1
182367479,15.462,5.1,1769938813418,1
182367480,15.461,4.2,1769938813418,1
182367481,15.46,0.7,1769938813418,1
182367482,15.459,4.2,1769938813418,1
182367483,15.458,7.2,1769938813441,1
182367484,15.46,1.2,1769938813443,0
182367485,15.457,6.5,1769938813597,1
182367486,15.457,12.8,1769938813771,1
182367487,15.456,4.2,1769938813771,1
182367488,15.455,1.8,1769938813771,1
182367489,15.454,1.1,1769938813771,1
182367490,15.453,7.7,1769938813771,1
182367491,15.452,6.5,1769938813771,1
182367492,15.455,1.3,1769938813857,0
182367493,15.452,36.3,1769938813971,1
182367494,15.451,0.7,1769938813972,1
182367495,15.45,1.9,1769938813972,1
182367496,15.449,1.8,1769938813972,1
182367497,15.448,5.4,1769938813973,1
182367498,15.449,17.3,1769938814049,0
182367499,15.45,10.9,1769938814077,0
182367500,15.451,1.8,1769938814077,0
182367501,15.452,0.7,1769938814078,0
182367502,15.453,80.8,1769938814078,0
182367503,15.454,0.7,1769938814082,0
182367504,15.455,0.7,1769938814151,0
182367505,15.456,15.0,1769938814151,0
182367506,15.457,1.1,1769938814157,0
182367507,15.457,1.2,1769938814197,1
182367508,15.455,0.6,1769938814232,1
182367509,15.454,11.2,1769938814279,1
182367510,15.453,1.8,1769938814279,1
182367511,15.452,0.5,1769938814351,1
182367512,15.453,7.2,1769938814397,0
182367513,15.454,6.4,1769938814397,0
182367514,15.455,0.7,1769938814448,0
182367515,15.456,6.6,1769938814555,0
182367516,15.457,0.7,1769938814558,0
182367517,15.458,0.7,1769938814558,0
182367518,15.459,1.8,1769938814560,0
182367519,15.46,0.7,1769938814572,0
182367520,15.461,1.8,1769938814632,0
182367521,15.462,4.7,1769938814632,0
182367522,15.463,22.1,1769938814632,0
182367523,15.464,1.1,1769938814632,0
182367524,15.465,2.3,1769938814689,0
182367525,15.464,6.2,1769938814726,1
182367526,15.463,0.7,1769938814727,1
182367527,15.462,0.7,1769938814727,1
182367528,15.461,1.1,1769938814727,1
182367529,15.459,16.6,1769938814728,1
182367530,15.458,2.0,1769938814728,1
182367531,15.46,7.9,1769938814797,1
182367532,15.459,16.5,1769938814799,1
182367533,15.458,1.3,1769938814803,1
182367534,15.457,1.8,1769938814803,1
182367535,15.456,0.7,1769938814803,1
182367536,15.455,2.7,1769938814803,1
182367537,15.46,4.7,1769938814833,0
182367538,15.462,40.4,1769938814833,0
182367539,15.463,1.1,1769938814833,0
182367540,15.464,23.9,1769938814833,0
182367541,15.465,12.9,1769938814833,0
182367542,15.466,0.7,1769938814833,0
182367543,15.467,65.5,1769938814833,0
182367544,15.468,7.6,1769938814833,0
182367545,15.469,8.5,1769938814833,0
182367546,15.47,60.0,1769938814833,0
182367547,15.471,7.6,1769938814833,0
182367548,15.472,1.5,1769938814833,0
182367549,15.473,13.8,1769938814833,0
182367550,15.467,0.4,1769938814836,0
182367551,15.465,1.0,1769938814910,0
182367552,15.466,8.3,1769938814981,0
182367553,15.467,1.6,1769938815033,0
182367554,15.468,11.0,1769938815033,0
182367555,15.469,1.8,1769938815034,0
182367556,15.47,4.0,1769938815078,0
182367557,15.471,0.7,1769938815111,0
182367558,15.472,12.5,1769938815145,0
182367559,15.473,11.0,1769938815145,0
182367560,15.474,23.8,1769938815154,0
182367561,15.475,2.2,1769938815162,0
182367562,15.473,0.7,1769938815187,1
182367563,15.475,7.7,1769938815227,1
182367564,15.474,7.1,1769938815227,1
182367565,15.473,0.7,1769938815254,1
182367566,15.472,2.0,1769938815254,1
182367567,15.471,1.8,1769938815256,1
182367568,15.47,7.0,1769938815256,1
182367569,15.469,0.7,1769938815262,1
182367570,15.468,0.7,1769938815302,1
182367571,15.467,0.7,1769938815304,1
182367572,15.47,0.7,1769938815382,0
182367573,15.471,0.7,1769938815403,0
182367574,15.472,0.7,1769938815405,0
182367575,15.473,0.7,1769938815423,0
182367576,15.474,0.7,1769938815425,0
182367577,15.475,0.7,1769938815430,0
182367578,15.476,0.7,1769938815431,0
182367579,15.477,1.1,1769938815438,0
182367580,15.478,1.5,1769938815443,0
182367581,15.479,1.1,1769938815447,0
182367582,15.48,2.2,1769938815453,0
182367583,15.481,1.8,1769938815531,0
182367584,15.482,1.8,1769938815531,0
182367585,15.482,36.4,1769938815537,1
182367586,15.483,5.7,1769938815537,0
182367587,15.484,31.1,1769938815537,0
182367588,15.485,10.3,1769938815538,0
182367589,15.484,3.1,1769938815539,1
182367590,15.483,3.1,1769938815539,1
182367591,15.48,15.1,1769938815539,1
182367592,15.483,5.0,1769938815539,0
182367593,15.485,3.1,1769938815541,1
182367594,15.483,6.7,1769938815566,1
182367595,15.482,0.7,1769938815568,1
182367596,15.483,26.3,1769938815643,0
182367597,15.484,11.0,1769938815720,0
182367598,15.485,1.8,1769938815720,0
182367599,15.486,4.4,1769938815720,0
182367600,15.482,0.7,1769938815889,1
182367601,15.481,17.8,1769938815889,1
182367602,15.48,0.7,1769938815889,1
182367603,15.479,1.8,1769938815889,1
182367604,15.478,1.1,1769938815889,1
182367605,15.477,1.8,1769938815890,1
182367606,15.476,1.5,1769938815890,1
182367607,15.475,34.3,1769938815890,1
182367608,15.474,1.1,1769938815890,1
182367609,15.473,1.8,1769938815892,1
182367610,15.472,2.4,1769938815904,1
182367611,15.471,0.7,1769938815910,1
182367612,15.47,52.2,1769938815910,1
182367613,15.469,7.2,1769938815913,1
182367614,15.468,1.5,1769938815915,1
182367615,15.467,1.8,1769938815965,1
182367616,15.466,2.5,1769938815983,1
182367617,15.465,2.2,1769938815983,1
182367618,15.464,22.5,1769938815983,1
182367619,15.463,1.8,1769938815983,1
182367620,15.462,15.0,1769938815985,1
182367621,15.461,5.6,1769938815985,1
182367622,15.46,0.7,1769938815992,1
182367623,15.459,2.0,1769938815992,1
182367624,15.458,6.3,1769938815996,1
182367625,15.457,1.1,1769938815996,1
182367626,15.456,434.9,1769938815998,1
182367627,15.455,1.8,1769938815998,1
182367628,15.454,0.7,1769938815999,1
182367629,15.453,1.0,1769938816000,1
182367630,15.457,5.0,1769938816014,0
182367631,15.458,2.2,1769938816014,0
182367632,15.453,1.2,1769938816014,1
182367633,15.452,0.2,1769938816014,1
182367634,15.451,2.2,1769938816018,1
182367635,15.45,1.1,1769938816022,1
182367636,15.449,5.6,1769938816042,1
182367637,15.448,3.8,1769938816048,1
182367638,15.447,2.2,1769938816058,1
182367639,15.446,0.7,1769938816058,1
182367640,15.445,3.3,1769938816067,1
182367641,15.444,1.5,1769938816069,1
182367642,15.443,4.4,1769938816072,1
182367643,15.442,5.7,1769938816079,1
182367644,15.441,1.8,1769938816080,1
182367645,15.44,1.5,1769938816080,1
182367646,15.439,3.4,1769938816080,1
182367647,15.438,1.1,1769938816081,1
182367648,15.437,0.4,1769938816083,1
182367649,15.442,1.0,1769938816091,0
182367650,15.437,40.2,1769938816102,1
182367651,15.436,5.4,1769938816135,1
182367652,15.435,14.7,1769938816136,1
182367653,15.434,0.7,1769938816136,1
182367654,15.436,0.7,1769938816210,0
182367655,15.437,0.7,1769938816210,0
182367656,15.44,2.1,1769938816211,0
182367657,15.442,1.0,1769938816218,0
182367658,15.443,0.7,1769938816222,0
182367659,15.444,1.5,1769938816227,0
182367660,15.444,13.6,1769938816261,1
182367661,15.445,12.9,1769938816278,0
182367662,15.442,0.7,1769938816290,1
182367663,15.442,6.5,1769938816291,0
182367664,15.442,6.5,1769938816292,1
182367665,15.441,0.7,1769938816292,1
182367666,15.445,186.0,1769938816293,0
182367667,15.446,0.7,1769938816296,0
182367668,15.447,7.9,1769938816296,0
182367669,15.448,4.5,1769938816297,0
182367670,15.449,1.1,1769938816308,0
182367671,15.45,0.7,1769938816308,0
182367672,15.451,0.7,1769938816308,0
182367673,15.452,1.1,1769938816308,0
182367674,15.45,0.4,1769938816443,0
182367675,15.452,0.7,1769938816457,0
182367676,15.453,1.1,1769938816457,0
182367677,15.454,12.4,1769938816560,0
182367678,15.455,3.6,1769938816591,0
182367679,15.456,4.9,1769938816591,0
182367680,15.457,0.7,1769938816591,0
182367681,15.455,1.8,1769938816667,1
182367682,15.454,0.7,1769938816742,1
182367683,15.453,64.7,1769938816742,1
182367684,15.452,0.7,1769938816742,1
182367685,15.451,1.8,1769938816744,1
182367686,15.45,1.1,1769938816744,1
182367687,15.449,6.8,1769938816744,1
182367688,15.448,1.1,1769938816799,1
182367689,15.447,6.7,1769938816804,1
182367690,15.449,2.9,1769938816853,1
182367691,15.448,0.7,1769938816853,1
182367692,15.447,2.7,1769938816906,1
182367693,15.446,1.1,1769938816906,1
182367694,15.445,3.3,1769938816906,1
182367695,15.449,10.5,1769938817020,0
182367696,15.45,12.7,1769938817020,0
182367697,15.451,2.1,1769938817020,0
182367698,15.449,64.7,1769938817107,0
182367699,15.451,0.7,1769938817159,0
182367700,15.452,0.7,1769938817164,0
182367701,15.453,0.7,1769938817174,0
182367702,15.454,0.7,1769938817176,0
182367703,15.455,15.0,1769938817178,0
182367704,15.456,3.8,1769938817181,0
182367705,15.457,0.7,1769938817183,0
182367706,15.457,4.3,1769938817248,1
182367707,15.455,0.7,1769938817292,1
182367708,15.454,6.4,1769938817293,1
182367709,15.453,1.1,1769938817293,1
182367710,15.451,8.7,1769938817293,1
182367711,15.45,33.2,1769938817293,1
182367712,15.45,5.0,1769938817334,0
182367713,15.451,0.7,1769938817434,0
182367714,15.452,1.8,1769938817434,0
182367715,15.453,0.7,1769938817438,0
182367716,15.454,0.7,1769938817479,0
182367717,15.455,2.0,1769938817481,0
182367718,15.456,138.1,1769938817490,0
182367719,15.457,1.1,1769938817491,0
182367720,15.458,11.3,1769938817491,0
182367721,15.459,1.4,1769938817491,0
182367722,15.46,0.7,1769938817548,0
182367723,15.461,0.7,1769938817550,0
182367724,15.462,4.3,1769938817550,0
182367725,15.461,1.3,1769938817556,1
182367726,15.462,1.1,1769938817557,0
182367727,15.463,0.7,1769938817597,0
182367728,15.464,1.1,1769938817599,0
182367729,15.465,4.0,1769938817720,0
182367730,15.466,1.8,1769938817720,0
182367731,15.467,15.2,1769938817720,0
182367732,15.468,3.1,1769938817720,0
182367733,15.469,21.0,1769938817720,0
182367734,15.47,2.8,1769938817720,0
182367735,15.471,0.7,1769938817720,0
182367736,15.472,7.2,1769938817720,0
182367737,15.473,22.2,1769938817720,0
182367738,15.474,7.6,1769938817720,0
182367739,15.475,50.0,1769938817720,0
182367740,15.476,69.8,1769938817720,0
182367741,15.477,33.6,1769938817720,0
182367742,15.478,6.8,1769938817720,0
182367743,15.479,34.6,1769938817720,0
182367744,15.48,27.3,1769938817720,0
182367745,15.481,31.5,1769938817720,0
182367746,15.482,49.2,1769938817720,0
182367747,15.475,8.1,1769938817790,0
182367748,15.476,1.3,1769938817885,0
182367749,15.477,0.7,1769938817886,0
182367750,15.478,0.7,1769938817887,0
182367751,15.48,3.1,1769938817892,0
182367752,15.481,0.7,1769938817892,0
182367753,15.482,1.8,1769938817894,0
182367754,15.483,1.7,1769938817894,0
182367755,15.484,1.8,1769938817894,0
182367756,15.484,9.9,1769938818032,1
182367757,15.483,0.7,1769938818032,1
182367758,15.482,17.7,1769938818032,1
182367759,15.481,4.0,1769938818032,1
182367760,15.485,6.2,1769938818051,0
182367761,15.485,16.6,1769938818075,1
182367762,15.486,2.2,1769938818159,0
182367763,15.487,6.3,1769938818162,0
182367764,15.488,1.8,1769938818164,0
182367765,15.489,0.7,1769938818166,0
182367766,15.49,1.8,1769938818166,0
182367767,15.491,2.5,1769938818207,0
182367768,15.492,3.0,1769938818209,0
182367769,15.493,3.8,1769938818210,0
182367770,15.494,1.8,1769938818215,0
182367771,15.495,3.2,1769938818230,0
182367772,15.496,2.2,1769938818236,0
182367773,15.497,1.1,1769938818236,0
182367774,15.498,17.3,1769938818236,0
182367775,15.498,5.1,1769938818310,1
182367776,15.496,0.7,1769938818367,1
182367777,15.495,0.7,1769938818375,1
182367778,15.494,0.7,1769938818376,1
182367779,15.493,0.7,1769938818376,1
182367780,15.492,0.7,1769938818376,1
182367781,15.491,1.1,1769938818376,1
182367782,15.49,17.3,1769938818437,1
182367783,15.489,2.0,1769938818440,1
182367784,15.491,0.7,1769938818445,0
182367785,15.492,12.7,1769938818445,0
182367786,15.493,0.7,1769938818445,0
182367787,15.494,6.1,1769938818445,0
182367788,15.495,5.6,1769938818445,0
182367789,15.489,25.7,1769938818446,1
182367790,15.488,1.1,1769938818449,1
182367791,15.487,5.7,1769938818449,1
182367792,15.486,0.7,1769938818449,1
182367793,15.485,7.2,1769938818458,1
182367794,15.484,42.1,1769938818460,1
182367795,15.486,1.3,1769938818462,1
182367796,15.483,1.1,1769938818467,1
182367797,15.482,1.1,1769938818469,1
182367798,15.481,0.7,1769938818481,1
182367799,15.486,8.2,1769938818614,0
182367800,15.487,10.0,1769938818614,0
182367801,15.488,4.9,1769938818614,0
182367802,15.489,16.5,1769938818614,0
182367803,15.49,6.6,1769938818614,0
182367804,15.491,0.8,1769938818614,0
182367805,15.487,10.0,1769938818931,1
182367806,15.488,8.3,1769938818947,0
182367807,15.489,4.9,1769938818947,0
182367808,15.49,14.2,1769938818947,0
182367809,15.491,5.5,1769938818947,0
182367810,15.492,7.2,1769938818947,0
182367811,15.493,21.0,1769938818947,0
182367812,15.494,30.5,1769938818947,0
182367813,15.495,2.4,1769938818947,0
182367814,15.496,7.0,1769938818947,0
182367815,15.495,1.3,1769938819115,0
182367816,15.496,1.8,1769938819116,0
182367817,15.497,14.8,1769938819116,0
182367818,15.497,2.2,1769938819190,1
182367819,15.497,6.5,1769938819318,1
182367820,15.496,0.7,1769938819321,1
182367821,15.495,1.8,1769938819321,1
182367822,15.494,16.9,1769938819323,1
182367823,15.493,1.8,1769938819323,1
182367824,15.492,0.7,1769938819351,1
182367825,15.491,0.7,1769938819354,1
182367826,15.49,1.1,1769938819354,1
182367827,15.489,0.9,1769938819354,1
182367828,15.494,1.8,1769938819485,0
182367829,15.495,0.7,1769938819509,0
182367830,15.496,3.1,1769938819510,0
182367831,15.497,0.7,1769938819510,0
182367832,15.498,2.2,1769938819510,0
182367833,15.499,1.5,1769938819551,0
182367834,15.5,3.7,1769938819551,0
182367835,15.501,3.6,1769938819552,0
182367836,15.502,3.6,1769938819553,0
182367837,15.503,1.1,1769938819561,0
182367838,15.503,0.7,1769938819569,1
182367839,15.504,5.6,1769938819847,0
182367840,15.503,38.5,1769938820026,1
182367841,15.502,0.7,1769938820074,1
182367842,15.501,1.8,1769938820075,1
182367843,15.5,2.0,1769938820076,1
182367844,15.499,0.7,1769938820081,1
182367845,15.498,1.1,1769938820091,1
182367846,15.497,0.7,1769938820119,1
182367847,15.496,0.7,1769938820120,1
182367848,15.495,6.6,1769938820120,1
182367849,15.494,2.2,1769938820120,1
182367850,15.493,4.7,1769938820122,1
182367851,15.492,7.6,1769938820161,1
182367852,15.491,2.2,1769938820161,1
182367853,15.493,7.9,1769938820301,0
182367854,15.494,12.2,1769938820301,0
182367855,15.495,12.2,1769938820301,0
182367856,15.496,40.0,1769938820301,0
182367857,15.497,33.2,1769938820301,0
182367858,15.498,10.9,1769938820301,0
182367859,15.499,12.6,1769938820301,0
182367860,15.5,8.1,1769938820301,0
182367861,15.501,35.0,1769938820301,0
182367862,15.502,43.6,1769938820302,0
182367863,15.503,51.5,1769938820302,0
182367864,15.504,74.4,1769938820302,0
182367865,15.505,2.1,1769938820302,0
182367866,15.501,2.7,1769938820354,0
182367867,15.503,4.8,1769938820380,0
182367868,15.504,4.9,1769938820421,0
182367869,15.505,0.7,1769938820421,0
182367870,15.506,0.3,1769938820421,0
182367871,15.5,8.0,1769938820530,1
182367872,15.502,1.3,1769938820558,1
182367873,15.5,0.5,1769938820560,1
182367874,15.5,2.6,1769938820564,0
182367875,15.501,4.1,1769938820564,0
182367876,15.502,3.9,1769938820564,0
182367877,15.501,0.7,1769938820820,0
182367878,15.502,1.8,1769938820821,0
182367879,15.503,1.1,1769938820973,0
182367880,15.504,4.9,1769938820973,0
182367881,15.505,1.7,1769938821042,0
182367882,15.506,7.0,1769938821042,0
182367883,15.507,0.7,1769938821042,0
182367884,15.508,1.8,1769938821042,0
182367885,15.509,4.4,1769938821042,0
182367886,15.505,1.0,1769938821182,1
182367887,15.503,1.8,1769938821182,1
182367888,15.502,3.2,1769938821182,1
182367889,15.504,7.3,1769938821202,1
182367890,15.502,29.8,1769938821205,1
182367891,15.501,10.0,1769938821206,1
182367892,15.5,0.7,1769938821295,1
182367893,15.499,1.8,1769938821295,1
182367894,15.5,1.3,1769938821297,1
182367895,15.498,0.2,1769938821297,1
182367896,15.5,1.3,1769938821316,1
182367897,15.499,0.7,1769938821321,1
182367898,15.501,0.7,1769938821501,0
182367899,15.502,1.8,1769938821501,0
182367900,15.503,0.7,1769938821577,0
182367901,15.504,4.9,1769938821578,0
182367902,15.505,3.8,1769938821578,0
182367903,15.506,6.8,1769938821579,0
182367904,15.507,0.7,1769938821692,0
182367905,15.508,1.8,1769938821692,0
182367906,15.509,4.4,1769938821692,0
182367907,15.51,6.8,1769938821692,0
182367908,15.511,1.7,1769938821692,0
182367909,15.508,3.1,1769938821776,1
182367910,15.506,0.7,1769938821806,1
182367911,15.505,1.8,1769938821806,1
182367912,15.504,5.4,1769938821806,1
182367913,15.503,12.8,1769938821806,1
182367914,15.502,12.6,1769938821806,1
182367915,15.501,25.3,1769938821806,1
182367916,15.5,6.1,1769938821808,1
182367917,15.503,11.0,1769938821808,0
182367918,15.504,22.9,1769938821810,1
182367919,15.501,8.2,1769938821813,1
182367920,15.499,2.2,1769938821815,1
182367921,15.498,11.2,1769938821815,1
182367922,15.499,0.4,1769938821904,0
182367923,15.497,0.7,1769938821912,1
182367924,15.496,0.7,1769938821912,1
182367925,15.495,1.8,1769938821912,1
182367926,15.494,4.2,1769938821912,1
182367927,15.498,4.0,1769938822049,0
182367928,15.499,0.7,1769938822055,0
182367929,15.5,1.8,1769938822055,0
182367930,15.501,0.7,1769938822057,0
182367931,15.502,1.8,1769938822150,0
182367932,15.503,0.7,1769938822151,0
182367933,15.504,1.8,1769938822151,0
182367934,15.505,8.3,1769938822151,0
182367935,15.506,1.8,1769938822158,0
182367936,15.507,0.7,1769938822162,0
182367937,15.508,0.7,1769938822166,0
182367938,15.505,1.5,1769938822443,1
182367939,15.507,2.8,1769938822518,0
182367940,15.508,1.1,1769938822597,0
182367941,15.509,2.0,1769938822597,0
182367942,15.51,1.8,1769938822597,0
182367943,15.511,1.0,1769938822598,0
182367944,15.512,2.7,1769938822598,0
182367945,15.513,0.7,1769938822599,0
182367946,15.514,20.4,1769938822600,0
182367947,15.515,76.6,1769938822600,0
182367948,15.515,2.4,1769938822609,1
182367949,15.513,7.7,1769938822652,1
182367950,15.515,7.2,1769938822715,0
182367951,15.516,4.2,1769938822715,0
182367952,15.517,12.5,1769938822715,0
182367953,15.514,5.3,1769938822871,1
182367954,15.513,4.4,1769938822871,1
182367955,15.514,8.2,1769938822891,0
182367956,15.516,2.3,1769938822891,0
182367957,15.512,0.5,1769938822977,1
182367958,15.515,8.9,1769938823040,0
182367959,15.516,15.2,1769938823040,0
182367960,15.517,14.1,1769938823040,0
182367961,15.516,4.0,1769938823165,1
182367962,15.515,5.6,1769938823165,1
182367963,15.514,13.5,1769938823165,1
182367964,15.513,23.6,1769938823165,1
182367965,15.512,11.2,1769938823165,1
182367966,15.516,7.2,1769938823168,1
182367967,15.517,2.6,1769938823239,0
182367968,15.518,3.9,1769938823239,0
182367969,15.519,14.3,1769938823239,0
182367970,15.52,26.4,1769938823315,0
182367971,15.521,1.7,1769938823315,0
182367972,15.522,8.9,1769938823315,0
182367973,15.522,0.7,1769938823325,1
182367974,15.523,0.7,1769938823331,0
182367975,15.522,43.3,1769938823332,1
182367976,15.521,0.7,1769938823339,1
182367977,15.52,0.7,1769938823347,1
182367978,15.519,0.7,1769938823347,1
182367979,15.518,0.7,1769938823347,1
182367980,15.517,1.5,1769938823347,1
182367981,15.517,10.4,1769938823392,0
182367982,15.519,17.0,1769938823392,0
182367983,15.52,20.9,1769938823392,0
182367984,15.521,4.9,1769938823392,0
182367985,15.516,0.7,1769938823392,1
182367986,15.515,1.1,1769938823408,1
182367987,15.514,1.1,1769938823408,1
182367988,15.513,2.2,1769938823408,1
182367989,15.512,96.3,1769938823409,1
182367990,15.511,1.8,1769938823410,1
182367991,15.51,1.1,1769938823410,1
182367992,15.509,3.3,1769938823410,1
182367993,15.508,0.7,1769938823410,1
182367994,15.507,1.8,1769938823410,1
182367995,15.506,6.0,1769938823410,1
182367996,15.505,14.1,1769938823410,1
182367997,15.506,7.2,1769938823419,1
182367998,15.505,5.8,1769938823419,1
182367999,15.506,11.5,1769938823427,0
182368000,15.507,4.6,1769938823427,0
182368001,15.509,0.7,1769938823451,0
182368002,15.51,5.6,1769938823451,0
182368003,15.511,25.6,1769938823451,0
182368004,15.506,18.9,1769938823492,1
182368005,15.505,0.7,1769938823498,1
182368006,15.504,12.2,1769938823498,1
182368007,15.503,0.7,1769938823500,1
182368008,15.507,0.7,1769938823694,0
182368009,15.508,2.0,1769938823694,0
182368010,15.509,0.7,1769938823743,0
182368011,15.51,1.8,1769938823764,0
182368012,15.511,0.7,1769938823786,0
182368013,15.512,1.8,1769938823786,0
182368014,15.513,4.6,1769938823786,0
182368015,15.514,1.9,1769938823809,0
182368016,15.515,0.7,1769938823809,0
182368017,15.516,1.1,1769938823809,0
182368018,15.517,1.5,1769938823809,0
182368019,15.518,7.6,1769938823809,0
182368020,15.519,0.4,1769938823812,0
182368021,15.518,6.2,1769938823814,1
182368022,15.514,3.1,1769938823819,1
182368023,15.513,7.2,1769938823908,0
182368024,15.514,10.9,1769938823908,0
182368025,15.515,18.3,1769938823908,0
182368026,15.516,15.8,1769938823908,0
182368027,15.517,21.7,1769938823908,0
182368028,15.518,9.2,1769938823908,0
182368029,15.516,5.0,1769938824050,1
182368030,15.518,1.8,1769938824051,0
182368031,15.519,0.3,1769938824059,0
182368032,15.519,1.1,1769938824064,1
182368033,15.52,1.8,1769938824207,0
182368034,15.52,10.2,1769938824221,1
182368035,15.519,2.6,1769938824221,1
182368036,15.52,7.0,1769938824298,1
182368037,15.519,13.6,1769938824313,1
182368038,15.521,0.2,1769938824319,0
182368039,15.518,0.7,1769938824329,1
182368040,15.517,0.7,1769938824329,1
182368041,15.516,0.7,1769938824329,1
182368042,15.515,1.8,1769938824329,1
182368043,15.514,8.3,1769938824329,1
182368044,15.513,21.7,1769938824329,1
182368045,15.512,21.3,1769938824329,1
182368046,15.514,13.4,1769938824352,1
182368047,15.516,7.2,1769938824375,1
182368048,15.515,11.7,1769938824375,1
182368049,15.521,16.8,1769938824425,0
182368050,15.52,14.7,1769938824457,1
182368051,15.521,7.2,1769938824459,1
182368052,15.519,24.0,1769938824459,1
182368053,15.52,7.2,1769938824776,1
182368054,15.519,2.1,1769938824818,1
182368055,15.519,19.9,1769938825039,0
182368056,15.52,0.7,1769938825039,0
182368057,15.521,0.7,1769938825039,0
182368058,15.522,3.5,1769938825040,0
182368059,15.523,4.6,1769938825040,0
182368060,15.524,1.8,1769938825042,0
182368061,15.525,2.5,1769938825042,0
182368062,15.525,4.7,1769938825045,1
182368063,15.522,11.0,1769938825092,1
182368064,15.521,2.2,1769938825092,1
182368065,15.523,11.0,1769938825128,1
182368066,15.522,7.0,1769938825128,1
182368067,15.525,1.8,1769938825258,0
182368068,15.522,0.7,1769938825351,1
182368069,15.521,0.7,1769938825351,1
182368070,15.52,4.9,1769938825399,1
182368071,15.519,11.5,1769938825399,1
182368072,15.518,41.5,1769938825399,1
182368073,15.519,4.1,1769938825435,1
182368074,15.518,68.7,1769938825453,1
182368075,15.519,0.9,1769938825582,1
182368076,15.523,3.9,1769938825613,0
182368077,15.519,8.8,1769938825751,1
182368078,15.518,4.4,1769938825751,1
182368079,15.523,9.8,1769938825802,0
182368080,15.524,9.0,1769938825802,0
182368081,15.525,6.8,1769938825802,0
182368082,15.522,0.7,1769938825945,1
182368083,15.521,1.0,1769938825945,1
182368084,15.52,0.7,1769938826017,1
182368085,15.519,8.6,1769938826017,1
182368086,15.518,38.4,1769938826017,1
182368087,15.518,0.1,1769938826024,0
182368088,15.519,0.4,1769938826066,0
182368089,15.517,34.7,1769938826088,1
182368090,15.516,0.7,1769938826186,1
182368091,15.515,0.7,1769938826192,1
182368092,15.514,14.2,1769938826192,1
182368093,15.513,2.0,1769938826194,1
182368094,15.512,1.1,1769938826194,1
182368095,15.511,0.4,1769938826197,1
182368096,15.512,0.2,1769938826314,0
182368097,15.511,0.3,1769938826332,1
182368098,15.51,0.7,1769938826332,1
182368099,15.509,7.8,1769938826332,1
182368100,15.508,16.0,1769938826332,1
182368101,15.512,1.5,1769938826399,0
182368102,15.513,6.5,1769938826401,0
182368103,15.514,4.5,1769938826429,0
182368104,15.515,2.7,1769938826429,0
182368105,15.516,9.0,1769938826429,0
182368106,15.517,4.6,1769938826429,0
182368107,15.516,4.5,1769938826430,0
182368108,15.517,28.6,1769938826430,0
182368109,15.518,1.8,1769938826470,0
182368110,15.519,0.7,1769938826473,0
182368111,15.52,4.9,1769938826485,0
182368112,15.521,32.8,1769938826485,0
182368113,15.522,2.2,1769938826499,0
182368114,15.523,18.7,1769938826499,0
182368115,15.523,1.5,1769938826661,0
182368116,15.524,67.3,1769938826662,0
182368117,15.525,3.5,1769938826663,0
182368118,15.526,13.5,1769938826663,0
182368119,15.526,0.7,1769938826675,1
182368120,15.527,2.1,1769938826708,0
182368121,15.528,2.6,1769938826708,0
182368122,15.529,0.7,1769938826708,0
182368123,15.53,2.6,1769938826708,0
182368124,15.531,1.5,1769938826710,0
182368125,15.532,3.4,1769938826712,0
182368126,15.533,24.4,1769938826712,0
182368127,15.534,3.0,1769938826716,0
182368128,15.535,2.0,1769938826732,0
182368129,15.536,3.3,1769938826733,0
182368130,15.537,2.3,1769938826733,0
182368131,15.538,11.4,1769938826733,0
182368132,15.539,1.2,1769938826741,0
182368133,15.538,0.7,1769938826743,1
182368134,15.539,1.7,1769938826754,0
182368135,15.54,2.2,1769938826758,0
182368136,15.541,1.1,1769938826764,0
182368137,15.542,1.8,1769938826783,0
182368138,15.543,1.6,1769938826783,0
182368139,15.544,1.8,1769938826791,0
182368140,15.545,0.7,1769938826791,0
182368141,15.546,8.4,1769938826791,0
182368142,15.547,1.1,1769938826791,0
182368143,15.548,3.1,1769938826792,0
182368144,15.549,1.1,1769938826792,0
182368145,15.55,2.4,1769938826792,0
182368146,15.551,10.8,1769938826792,0
182368147,15.552,36.0,1769938826792,0
182368148,15.545,0.7,1769938826793,1
182368149,15.553,6.7,1769938826793,0
182368150,15.554,8.9,1769938826793,0
182368151,15.555,0.4,1769938826793,0
182368152,15.55,1.3,1769938826793,0
182368153,15.555,5.3,1769938826793,0
182368154,15.556,36.5,1769938826793,0
182368155,15.557,39.1,1769938826794,0
182368156,15.558,8.7,1769938826794,0
182368157,15.559,1.1,1769938826796,0
182368158,15.56,7.5,1769938826796,0
182368159,15.561,4.3,1769938826796,0
182368160,15.562,4.9,1769938826806,0
182368161,15.563,2.0,1769938826806,0
182368162,15.564,2.0,1769938826806,0
182368163,15.565,1.1,1769938826806,0
182368164,15.566,2.5,1769938826806,0
182368165,15.567,4.4,1769938826806,0
182368166,15.568,54.1,1769938826808,0
182368167,15.567,6.2,1769938826810,1
182368168,15.567,5.7,1769938826810,0
182368169,15.568,8.8,1769938826810,0
182368170,15.569,22.5,1769938826810,0
182368171,15.57,1.1,1769938826823,0
182368172,15.571,23.3,1769938826823,0
182368173,15.569,0.7,1769938826824,1
182368174,15.572,4.1,1769938826825,0
182368175,15.573,3.3,1769938826825,0
182368176,15.574,4.6,1769938826825,0
182368177,15.57,4.1,1769938826829,1
182368178,15.575,0.7,1769938826830,0
182368179,15.576,2.6,1769938826830,0
182368180,15.577,3.3,1769938826830,0
182368181,15.578,2.2,1769938826830,0
182368182,15.579,5.6,1769938826830,0
182368183,15.58,1.8,1769938826830,0
182368184,15.581,2.8,1769938826830,0
182368185,15.569,0.7,1769938826861,1
182368186,15.571,0.7,1769938826890,1
182368187,15.574,7.6,1769938826898,0
182368188,15.571,1.9,1769938826904,1
182368189,15.57,1.3,1769938826910,1
182368190,15.569,0.6,1769938826910,1
182368191,15.568,2.0,1769938826917,1
182368192,15.567,0.7,1769938826917,1
182368193,15.566,0.7,1769938826917,1
182368194,15.565,0.7,1769938826918,1
182368195,15.564,0.7,1769938826920,1
182368196,15.563,4.4,1769938826923,1
182368197,15.562,0.7,1769938826924,1
182368198,15.561,1.1,1769938826924,1
182368199,15.56,41.3,1769938826924,1
182368200,15.559,2.2,1769938826924,1
182368201,15.558,6.3,1769938826924,1
182368202,15.557,2.6,1769938826928,1
182368203,15.555,9.2,1769938826933,1
182368204,15.554,0.7,1769938826950,1
182368205,15.555,18.2,1769938826951,0
182368206,15.556,6.8,1769938826951,0
182368207,15.553,0.7,1769938826952,1
182368208,15.551,6.0,1769938826952,1
182368209,15.55,9.5,1769938826986,1
182368210,15.549,0.7,1769938827005,1
182368211,15.548,0.7,1769938827012,1
182368212,15.547,1.8,1769938827012,1
182368213,15.546,11.7,1769938827013,1
182368214,15.548,0.4,1769938827035,1
182368215,15.545,0.4,1769938827037,1
182368216,15.547,17.1,1769938827176,1
182368217,15.546,5.6,1769938827176,1
182368218,15.545,9.8,1769938827176,1
182368219,15.544,6.1,1769938827176,1
182368220,15.543,12.8,1769938827286,1
182368221,15.549,3.6,1769938827293,0
182368222,15.55,11.1,1769938827343,0
182368223,15.551,1.4,1769938827343,0
182368224,15.548,3.0,1769938827501,1
182368225,15.551,2.9,1769938827631,0
182368226,15.552,2.1,1769938827631,0
182368227,15.553,4.5,1769938827631,0
182368228,15.554,5.7,1769938827631,0
182368229,15.555,6.5,1769938827631,0
182368230,15.556,0.7,1769938827631,0
182368231,15.557,5.6,1769938827631,0
182368232,15.558,3.7,1769938827631,0
182368233,15.559,5.6,1769938827631,0
182368234,15.56,1.8,1769938827631,0
182368235,15.561,12.8,1769938827631,0
182368236,15.562,14.3,1769938827631,0
182368237,15.563,31.4,1769938827631,0
182368238,15.559,1.4,1769938827633,1
182368239,15.555,3.4,1769938827640,1
182368240,15.556,0.7,1769938827643,1
182368241,15.555,0.7,1769938827643,1
182368242,15.555,0.6,1769938827652,0
182368243,15.558,0.7,1769938827675,0
182368244,15.559,0.7,1769938827675,0
182368245,15.559,4.9,1769938827718,1
182368246,15.56,0.7,1769938827739,0
182368247,15.561,0.7,1769938827739,0
182368248,15.562,1.5,1769938827739,0
182368249,15.557,0.7,1769938827766,1
182368250,15.556,4.5,1769938827766,1
182368251,15.56,0.4,1769938827829,0
182368252,15.561,24.7,1769938827980,0
182368253,15.562,9.3,1769938827980,0
182368254,15.563,4.5,1769938827980,0
182368255,15.557,10.0,1769938828016,1
182368256,15.556,0.7,1769938828018,1
182368257,15.556,6.5,1769938828047,0
182368258,15.555,2.0,1769938828049,1
182368259,15.554,0.7,1769938828075,1
182368260,15.553,1.8,1769938828075,1
182368261,15.552,0.7,1769938828075,1
182368262,15.551,2.0,1769938828077,1
182368263,15.555,0.6,1769938828078,0
182368264,15.551,1.1,1769938828105,1
182368265,15.55,0.7,1769938828105,1
182368266,15.549,13.0,1769938828105,1
182368267,15.548,1.5,1769938828105,1
182368268,15.547,1.8,1769938828105,1
182368269,15.546,1.1,1769938828119,1
182368270,15.545,1.8,1769938828119,1
182368271,15.544,3.8,1769938828119,1
182368272,15.543,1.8,1769938828119,1
182368273,15.542,4.4,1769938828119,1
182368274,15.541,0.4,1769938828124,1
182368275,15.545,11.0,1769938828130,0
182368276,15.546,4.9,1769938828130,0
182368277,15.547,26.9,1769938828130,0
182368278,15.548,34.3,1769938828130,0
182368279,15.544,6.4,1769938828170,1
182368280,15.546,4.0,1769938828243,1
182368281,15.545,7.2,1769938828243,1
182368282,15.544,5.5,1769938828248,1
182368283,15.543,1.5,1769938828248,1
182368284,15.542,0.7,1769938828365,1
182368285,15.541,8.7,1769938828365,1
182368286,15.54,6.9,1769938828365,1
182368287,15.539,8.9,1769938828365,1
182368288,15.538,24.5,1769938828365,1
182368289,15.537,7.9,1769938828365,1
182368290,15.536,13.1,1769938828365,1
182368291,15.535,21.7,1769938828365,1
182368292,15.534,1.1,1769938828367,1
182368293,15.533,4.4,1769938828394,1
182368294,15.532,0.7,1769938828405,1
182368295,15.531,1.8,1769938828405,1
182368296,15.53,1.1,1769938828405,1
182368297,15.529,0.7,1769938828408,1
182368298,15.531,0.7,1769938828500,0
182368299,15.532,0.7,1769938828502,0
182368300,15.533,0.7,1769938828502,0
182368301,15.534,0.7,1769938828503,0
182368302,15.536,5.2,1769938828504,0
182368303,15.534,4.8,1769938828536,1
182368304,15.532,9.5,1769938828536,1
182368305,15.531,5.8,1769938828537,1
182368306,15.53,1.4,1769938828537,1
182368307,15.532,2.5,1769938828540,1
182368308,15.533,4.4,1769938828577,0
182368309,15.535,0.7,1769938828577,0
182368310,15.536,13.9,1769938828577,0
182368311,15.533,6.6,1769938828745,1
182368312,15.532,0.7,1769938828757,1
182368313,15.531,0.7,1769938828757,1
182368314,15.53,0.7,1769938828760,1
182368315,15.529,1.8,1769938828760,1
182368316,15.528,2.8,1769938828760,1
182368317,15.528,12.8,1769938828804,0
182368318,15.527,0.7,1769938828832,1
182368319,15.526,6.1,1769938828938,1
182368320,15.525,1.9,1769938828942,1
182368321,15.528,47.6,1769938829009,0
182368322,15.529,0.7,1769938829070,0
182368323,15.53,1.8,1769938829070,0
182368324,15.531,5.4,1769938829070,0
182368325,15.532,6.5,1769938829070,0
182368326,15.533,12.6,1769938829070,0
182368327,15.534,68.3,1769938829070,0
182368328,15.535,6.0,1769938829070,0
182368329,15.536,26.0,1769938829070,0
182368330,15.537,7.1,1769938829070,0
182368331,15.538,10.7,1769938829070,0
182368332,15.539,0.7,1769938829070,0
182368333,15.54,54.4,1769938829070,0
182368334,15.541,30.3,1769938829070,0
182368335,15.542,31.5,1769938829070,0
182368336,15.543,39.7,1769938829070,0
182368337,15.544,6.7,1769938829070,0
182368338,15.545,14.4,1769938829070,0
182368339,15.535,1.3,1769938829072,0
182368340,15.538,6.6,1769938829073,0
182368341,15.539,0.6,1769938829074,0
182368342,15.544,0.7,1769938829146,0
182368343,15.545,0.7,1769938829149,0
182368344,15.546,0.8,1769938829149,0
182368345,15.543,3.6,1769938829150,1
182368346,15.544,0.7,1769938829156,1
182368347,15.543,1.5,1769938829156,1
182368348,15.542,0.4,1769938829157,1
182368349,15.541,0.7,1769938829157,1
182368350,15.542,0.7,1769938829177,0
182368351,15.543,0.7,1769938829178,0
182368352,15.544,1.1,1769938829179,0
182368353,15.545,3.5,1769938829278,1
182368354,15.544,28.3,1769938829313,1
182368355,15.543,12.8,1769938829313,1
182368356,15.542,0.7,1769938829317,1
182368357,15.541,5.6,1769938829317,1
182368358,15.54,161.7,1769938829321,1
182368359,15.539,1.8,1769938829323,1
182368360,15.538,0.7,1769938829323,1
182368361,15.537,4.8,1769938829323,1
182368362,15.536,1.1,1769938829323,1
182368363,15.535,7.1,1769938829323,1
182368364,15.534,37.7,1769938829323,1
182368365,15.539,3.9,1769938829324,1
182368366,15.533,3.3,1769938829334,1
182368367,15.532,1.5,1769938829334,1
182368368,15.531,2.2,1769938829334,1
182368369,15.53,5.6,1769938829334,1
182368370,15.529,24.2,1769938829334,1
182368371,15.527,9.6,1769938829334,1
182368372,15.526,16.0,1769938829334,1
182368373,15.525,65.2,1769938829334,1
182368374,15.524,8.2,1769938829334,1
182368375,15.523,17.4,1769938829334,1
182368376,15.522,34.2,1769938829334,1
182368377,15.521,12.6,1769938829334,1
182368378,15.527,0.4,1769938829336,1
182368379,15.529,3.7,1769938829385,1
182368380,15.528,11.7,1769938829404,1
182368381,15.527,13.1,1769938829405,1
182368382,15.533,0.7,1769938829431,0
182368383,15.534,42.1,1769938829431,0
182368384,15.535,0.7,1769938829434,0
182368385,15.536,3.1,1769938829436,0
182368386,15.536,5.9,1769938829457,1
182368387,15.535,13.0,1769938829457,1
182368388,15.536,19.3,1769938829483,0
182368389,15.537,6.8,1769938829483,0
182368390,15.538,1.8,1769938829483,0
182368391,15.539,1.9,1769938829483,0
182368392,15.537,0.4,1769938829516,0
182368393,15.536,5.7,1769938829521,1
182368394,15.535,0.7,1769938829521,1
182368395,15.534,1.6,1769938829521,1
182368396,15.537,0.9,1769938829555,0
182368397,15.538,0.7,1769938829559,0
182368398,15.539,0.7,1769938829575,0
182368399,15.54,22.0,1769938829575,0
182368400,15.541,1.1,1769938829576,0
182368401,15.541,6.2,1769938829602,1
182368402,15.537,0.7,1769938829637,1
182368403,15.536,6.4,1769938829637,1
182368404,15.536,58.4,1769938829657,0
182368405,15.537,4.9,1769938829659,0
182368406,15.538,0.7,1769938829660,0
182368407,15.539,0.7,1769938829660,0
182368408,15.54,1.1,1769938829661,0
182368409,15.541,0.7,1769938829682,0
182368410,15.542,1.8,1769938829684,0
182368411,15.543,0.7,1769938829686,0
182368412,15.544,2.6,1769938829711,0
182368413,15.545,6.3,1769938829713,0
182368414,15.546,1.0,1769938829716,0
182368415,15.547,0.7,1769938829716,0
182368416,15.548,0.4,1769938829722,0
182368417,15.547,19.2,1769938829743,1
182368418,15.547,2.3,1769938829831,0
182368419,15.548,8.0,1769938829831,0
182368420,15.549,2.7,1769938829831,0
182368421,15.55,0.9,1769938829847,0
182368422,15.544,1.7,1769938829909,1
182368423,15.543,3.2,1769938829946,1
182368424,15.548,12.8,1769938830007,0
182368425,15.549,13.6,1769938830007,0
182368426,15.55,8.3,1769938830007,0
182368427,15.551,25.4,1769938830007,0
182368428,15.548,4.7,1769938830121,1
182368429,15.547,0.7,1769938830121,1
182368430,15.546,3.0,1769938830121,1
182368431,15.55,1.3,1769938830125,0
182368432,15.551,6.6,1769938830226,0
182368433,15.552,2.2,1769938830226,0
182368434,15.553,5.6,1769938830226,0
