trade_id,price,qty,timestamp,is_buyer_maker
183217992,21.531,25.4,1769946577091,1
183217993,21.53,58.5,1769946577091,1
183217994,21.529,1.4,1769946577091,1
183217995,21.528,1.6,1769946577091,1
183217996,21.527,16.7,1769946577091,1
183217997,21.526,5.5,1769946577091,1
183217998,21.525,5.5,1769946577091,1
183217999,21.524,6.1,1769946577091,1
183218000,21.523,0.5,1769946577091,1
183218001,21.522,11.6,1769946577091,1
183218002,21.521,45.8,1769946577091,1
183218003,21.52,14.1,1769946577091,1
183218004,21.519,5.4,1769946577091,1
183218005,21.551,192.7,1769946577107,0
183218006,21.561,0.5,1769946577204,0
183218007,21.562,2.1,1769946577259,0
183218008,21.563,0.5,1769946577259,0
183218009,21.564,1.4,1769946577259,0
183218010,21.562,2.0,1769946577266,1
183218011,21.564,8.4,1769946577276,0
183218012,21.565,0.5,1769946577305,0
183218013,21.566,12.4,1769946577305,0
183218014,21.567,1.4,1769946577321,0
183218015,21.568,5.8,1769946577321,0
183218016,21.569,10.2,1769946577327,0
183218017,21.57,5.8,1769946577343,0
183218018,21.571,10.2,1769946577343,0
183218019,21.572,8.3,1769946577343,0
183218020,21.573,0.5,1769946577343,0
183218021,21.574,0.8,1769946577343,0
183218022,21.562,0.4,1769946577364,1
183218023,21.575,1.6,1769946577385,0
183218024,21.562,82.9,1769946577406,1
183218025,21.56,14.7,1769946577409,1
183218026,21.565,1.8,1769946577432,1
183218027,21.575,4.2,1769946577444,0
183218028,21.576,0.5,1769946577444,0
183218029,21.577,0.5,1769946577444,0
183218030,21.578,0.5,1769946577444,0
183218031,21.579,0.5,1769946577444,0
183218032,21.58,10.0,1769946577444,0
183218033,21.581,9.8,1769946577444,0
183218034,21.582,10.0,1769946577444,0
183218035,21.583,10.4,1769946577444,0
183218036,21.565,192.9,1769946577450,1
183218037,21.561,194.7,1769946577451,1
183218038,21.56,180.0,1769946577451,1
183218039,21.559,1.9,1769946577467,1
183218040,21.581,13.0,1769946577469,0
183218041,21.559,7.9,1769946577487,1
183218042,21.56,0.3,1769946577504,0
183218043,21.559,8.7,1769946577510,1
183218044,21.56,0.7,1769946577511,0
183218045,21.559,113.5,1769946577517,1
183218046,21.56,0.9,1769946577551,0
183218047,21.559,13.8,1769946577559,1
183218048,21.56,5.9,1769946577582,0
183218049,21.559,48.9,1769946577592,1
183218050,21.552,1.0,1769946577608,1
183218051,21.551,0.5,1769946577608,1
183218052,21.55,0.5,1769946577608,1
183218053,21.549,0.5,1769946577608,1
183218054,21.548,0.5,1769946577608,1
183218055,21.547,0.5,1769946577608,1
183218056,21.546,0.5,1769946577608,1
183218057,21.546,7.2,1769946577632,0
183218058,21.55,11.2,1769946577632,0
183218059,21.546,20.8,1769946577666,1
183218060,21.544,5.5,1769946577669,1
183218061,21.543,0.5,1769946577669,1
183218062,21.538,8.5,1769946577669,1
183218063,21.55,17.1,1769946577673,0
183218064,21.551,50.6,1769946577718,0
183218065,21.552,93.0,1769946577718,0
183218066,21.545,0.5,1769946577738,1
183218067,21.542,0.5,1769946577738,1
183218068,21.541,0.5,1769946577738,1
183218069,21.54,4.1,1769946577738,1
183218070,21.551,0.6,1769946577760,0
183218071,21.552,10.1,1769946577760,0
183218072,21.54,23.8,1769946577801,1
183218073,21.539,0.5,1769946577801,1
183218074,21.538,0.8,1769946577801,1
183218075,21.537,7.8,1769946577801,1
183218076,21.536,6.3,1769946577801,1
183218077,21.535,0.5,1769946577801,1
183218078,21.534,1.3,1769946577801,1
183218079,21.533,16.9,1769946577801,1
183218080,21.532,23.6,1769946577801,1
183218081,21.543,2.3,1769946577842,0
183218082,21.544,2.3,1769946577842,0
183218083,21.545,8.1,1769946577842,0
183218084,21.546,1.7,1769946577843,0
183218085,21.531,0.8,1769946577869,1
183218086,21.532,100.0,1769946577883,0
183218087,21.531,4.7,1769946577895,1
183218088,21.532,105.2,1769946577914,0
183218089,21.538,81.2,1769946577919,0
183218090,21.536,0.5,1769946577956,1
183218091,21.538,77.2,1769946577959,0
183218092,21.539,195.6,1769946578004,0
183218093,21.54,5.0,1769946578006,0
183218094,21.541,16.4,1769946578006,0
183218095,21.544,12.2,1769946578006,0
183218096,21.545,2.6,1769946578006,0
183218097,21.537,93.3,1769946578006,1
183218098,21.545,0.5,1769946578031,0
183218099,21.546,1.3,1769946578043,0
183218100,21.547,14.8,1769946578043,0
183218101,21.548,3.6,1769946578043,0
183218102,21.549,7.1,1769946578049,0
183218103,21.545,3.7,1769946578065,1
183218104,21.54,4.1,1769946578065,1
183218105,21.539,4.2,1769946578065,1
183218106,21.538,25.7,1769946578065,1
183218107,21.535,12.3,1769946578065,1
183218108,21.534,4.1,1769946578065,1
183218109,21.534,0.1,1769946578086,0
183218110,21.538,2.5,1769946578086,0
183218111,21.544,7.6,1769946578088,0
183218112,21.533,0.5,1769946578101,1
183218113,21.541,0.5,1769946578116,0
183218114,21.542,0.4,1769946578116,0
183218115,21.535,11.1,1769946578119,1
183218116,21.533,11.8,1769946578119,1
183218117,21.537,1.2,1769946578122,0
183218118,21.542,0.1,1769946578122,0
183218119,21.543,9.0,1769946578122,0
183218120,21.544,0.5,1769946578122,0
183218121,21.549,0.3,1769946578124,0
183218122,21.55,283.1,1769946578124,0
183218123,21.548,7.2,1769946578124,1
183218124,21.544,2.3,1769946578124,1
183218125,21.543,2.3,1769946578124,1
183218126,21.54,2.3,1769946578124,1
183218127,21.539,2.3,1769946578124,1
183218128,21.55,97.5,1769946578127,0
183218129,21.551,5.8,1769946578127,0
183218130,21.552,20.3,1769946578127,0
183218131,21.553,0.5,1769946578127,0
183218132,21.554,1.3,1769946578127,0
183218133,21.555,3.5,1769946578127,0
183218134,21.556,1.3,1769946578127,0
183218135,21.557,0.5,1769946578127,0
183218136,21.558,1.3,1769946578127,0
183218137,21.559,21.8,1769946578127,0
183218138,21.56,31.7,1769946578127,0
183218139,21.544,5.0,1769946578135,0
183218140,21.56,13.9,1769946578135,0
183218141,21.549,6.0,1769946578144,0
183218142,21.552,7.2,1769946578161,1
183218143,21.55,7.2,1769946578161,1
183218144,21.549,2.3,1769946578161,1
183218145,21.548,2.3,1769946578161,1
183218146,21.547,0.8,1769946578165,1
183218147,21.548,14.9,1769946578170,0
183218148,21.549,5.8,1769946578174,0
183218149,21.553,92.4,1769946578174,0
183218150,21.558,0.3,1769946578180,0
183218151,21.56,6.8,1769946578180,0
183218152,21.561,0.9,1769946578180,0
183218153,21.562,1.3,1769946578180,0
183218154,21.558,4.4,1769946578185,0
183218155,21.554,4.3,1769946578194,1
183218156,21.547,4.3,1769946578194,1
183218157,21.545,1.8,1769946578194,1
183218158,21.546,3.9,1769946578206,0
183218159,21.545,4.6,1769946578207,1
183218160,21.546,6.2,1769946578215,0
183218161,21.558,2.0,1769946578216,0
183218162,21.549,0.5,1769946578217,0
183218163,21.551,0.5,1769946578217,0
183218164,21.557,4.1,1769946578217,0
183218165,21.558,8.9,1769946578218,0
183218166,21.548,5.7,1769946578221,1
183218167,21.551,0.5,1769946578242,1
183218168,21.55,0.1,1769946578242,1
183218169,21.552,1.2,1769946578252,0
183218170,21.553,3.5,1769946578252,0
183218171,21.554,0.5,1769946578252,0
183218172,21.555,0.5,1769946578252,0
183218173,21.556,0.5,1769946578252,0
183218174,21.557,0.5,1769946578252,0
183218175,21.558,1.8,1769946578252,0
183218176,21.559,3.7,1769946578252,0
183218177,21.56,9.3,1769946578252,0
183218178,21.562,0.8,1769946578252,0
183218179,21.563,0.9,1769946578252,0
183218180,21.556,14.8,1769946578265,0
183218181,21.557,18.6,1769946578265,0
183218182,21.558,0.8,1769946578265,0
183218183,21.559,0.5,1769946578265,0
183218184,21.56,0.5,1769946578265,0
183218185,21.563,7.2,1769946578265,0
183218186,21.553,0.5,1769946578269,0
183218187,21.558,0.5,1769946578269,0
183218188,21.563,25.1,1769946578271,0
183218189,21.564,5.9,1769946578271,0
183218190,21.565,8.9,1769946578271,0
183218191,21.566,2.4,1769946578271,0
183218192,21.567,83.0,1769946578271,0
183218193,21.568,2.2,1769946578272,0
183218194,21.569,0.5,1769946578272,0
183218195,21.57,1.6,1769946578272,0
183218196,21.571,1.9,1769946578273,0
183218197,21.572,1.3,1769946578273,0
183218198,21.573,0.8,1769946578273,0
183218199,21.574,72.5,1769946578273,0
183218200,21.575,18.0,1769946578275,0
183218201,21.576,1.3,1769946578275,0
183218202,21.577,0.5,1769946578275,0
183218203,21.578,1.3,1769946578275,0
183218204,21.579,0.5,1769946578275,0
183218205,21.58,1.3,1769946578275,0
183218206,21.581,0.5,1769946578275,0
183218207,21.582,10.3,1769946578275,0
183218208,21.583,0.5,1769946578275,0
183218209,21.584,11.3,1769946578276,0
183218210,21.585,0.5,1769946578276,0
183218211,21.586,0.8,1769946578276,0
183218212,21.587,0.8,1769946578276,0
183218213,21.588,0.9,1769946578276,0
183218214,21.589,5.5,1769946578276,0
183218215,21.582,0.8,1769946578277,0
183218216,21.584,0.8,1769946578277,0
183218217,21.586,0.8,1769946578277,0
183218218,21.588,0.8,1769946578277,0
183218219,21.59,1.3,1769946578277,0
183218220,21.591,20.6,1769946578277,0
183218221,21.592,11.5,1769946578279,0
183218222,21.593,17.9,1769946578279,0
183218223,21.594,1.6,1769946578279,0
183218224,21.595,12.0,1769946578279,0
183218225,21.596,0.5,1769946578279,0
183218226,21.597,9.1,1769946578279,0
183218227,21.598,12.2,1769946578279,0
183218228,21.599,5.5,1769946578279,0
183218229,21.6,1.4,1769946578279,0
183218230,21.601,16.0,1769946578279,0
183218231,21.602,16.9,1769946578279,0
183218232,21.603,4.4,1769946578280,0
183218233,21.604,0.5,1769946578280,0
183218234,21.605,2.4,1769946578280,0
183218235,21.606,16.3,1769946578280,0
183218236,21.607,0.5,1769946578280,0
183218237,21.608,2.2,1769946578280,0
183218238,21.609,4.3,1769946578280,0
183218239,21.61,5.5,1769946578281,0
183218240,21.611,0.5,1769946578281,0
183218241,21.601,0.6,1769946578283,0
183218242,21.598,0.4,1769946578285,0
183218243,21.596,4.4,1769946578292,1
183218244,21.571,10.6,1769946578292,1
183218245,21.57,78.6,1769946578292,1
183218246,21.576,0.3,1769946578306,0
183218247,21.584,5.8,1769946578308,0
183218248,21.592,1.1,1769946578310,0
183218249,21.593,5.5,1769946578310,0
183218250,21.598,17.5,1769946578310,0
183218251,21.604,0.8,1769946578310,0
183218252,21.606,0.8,1769946578310,0
183218253,21.608,0.8,1769946578310,0
183218254,21.61,0.8,1769946578310,0
183218255,21.611,42.1,1769946578310,0
183218256,21.612,11.6,1769946578311,0
183218257,21.613,0.5,1769946578311,0
183218258,21.614,0.5,1769946578311,0
183218259,21.615,0.5,1769946578311,0
183218260,21.616,0.5,1769946578311,0
183218261,21.617,0.8,1769946578311,0
183218262,21.619,5.0,1769946578311,0
183218263,21.62,2.0,1769946578311,0
183218264,21.621,5.0,1769946578311,0
183218265,21.623,5.7,1769946578311,0
183218266,21.614,0.8,1769946578316,0
183218267,21.616,0.8,1769946578316,0
183218268,21.618,0.8,1769946578316,0
183218269,21.62,0.8,1769946578316,0
183218270,21.622,0.8,1769946578316,0
183218271,21.624,0.3,1769946578316,0
183218272,21.625,5.0,1769946578316,0
183218273,21.626,5.8,1769946578316,0
183218274,21.627,0.1,1769946578316,0
183218275,21.612,0.5,1769946578318,1
183218276,21.627,2.4,1769946578323,0
183218277,21.617,5.8,1769946578336,0
183218278,21.616,0.5,1769946578337,1
183218279,21.627,0.5,1769946578374,0
183218280,21.628,0.5,1769946578374,0
183218281,21.629,0.5,1769946578374,0
183218282,21.629,21.9,1769946578376,1
183218283,21.62,92.0,1769946578420,1
183218284,21.619,0.5,1769946578424,1
183218285,21.62,1.8,1769946578455,1
183218286,21.621,0.9,1769946578470,1
183218287,21.62,1.3,1769946578470,1
183218288,21.618,0.5,1769946578470,1
183218289,21.617,0.5,1769946578470,1
183218290,21.616,0.5,1769946578470,1
183218291,21.615,4.2,1769946578470,1
183218292,21.614,0.5,1769946578470,1
183218293,21.613,0.5,1769946578470,1
183218294,21.612,5.5,1769946578470,1
183218295,21.619,18.6,1769946578482,1
183218296,21.611,0.5,1769946578489,1
183218297,21.61,0.5,1769946578489,1
183218298,21.609,0.5,1769946578499,1
183218299,21.608,0.5,1769946578499,1
183218300,21.607,0.5,1769946578499,1
183218301,21.606,0.5,1769946578499,1
183218302,21.605,13.0,1769946578499,1
183218303,21.61,2.9,1769946578505,0
183218304,21.611,2.1,1769946578505,0
183218305,21.609,0.8,1769946578506,1
183218306,21.607,0.8,1769946578506,1
183218307,21.606,12.7,1769946578506,1
183218308,21.605,2.1,1769946578506,1
183218309,21.604,3.6,1769946578506,1
183218310,21.603,5.4,1769946578506,1
183218311,21.601,0.9,1769946578515,1
183218312,21.599,0.3,1769946578515,1
183218313,21.598,23.4,1769946578515,1
183218314,21.611,0.3,1769946578515,0
183218315,21.612,6.6,1769946578515,0
183218316,21.615,10.5,1769946578519,0
183218317,21.609,8.6,1769946578522,1
183218318,21.608,6.3,1769946578522,1
183218319,21.603,0.5,1769946578522,1
183218320,21.602,0.5,1769946578522,1
183218321,21.61,2.7,1769946578528,0
183218322,21.605,7.7,1769946578529,1
183218323,21.6,5.0,1769946578529,1
183218324,21.595,10.7,1769946578529,1
183218325,21.593,0.8,1769946578529,1
183218326,21.592,3.5,1769946578529,1
183218327,21.591,1.3,1769946578529,1
183218328,21.589,1.1,1769946578529,1
183218329,21.588,0.8,1769946578529,1
183218330,21.587,10.5,1769946578529,1
183218331,21.606,6.3,1769946578532,0
183218332,21.607,14.9,1769946578536,0
183218333,21.609,7.2,1769946578538,0
183218334,21.61,6.2,1769946578538,0
183218335,21.611,8.9,1769946578538,0
183218336,21.612,13.5,1769946578538,0
183218337,21.601,0.1,1769946578541,1
183218338,21.609,4.1,1769946578562,0
183218339,21.601,1.7,1769946578567,1
183218340,21.6,0.5,1769946578602,1
183218341,21.599,0.5,1769946578602,1
183218342,21.598,0.4,1769946578602,1
183218343,21.6,12.1,1769946578674,1
183218344,21.599,0.5,1769946578674,1
183218345,21.598,22.7,1769946578674,1
183218346,21.597,1.3,1769946578674,1
183218347,21.596,4.1,1769946578674,1
183218348,21.595,1.3,1769946578675,1
183218349,21.594,0.5,1769946578675,1
183218350,21.593,1.3,1769946578675,1
183218351,21.592,0.7,1769946578675,1
183218352,21.608,22.1,1769946578676,0
183218353,21.6,0.7,1769946578684,1
183218354,21.608,1.1,1769946578706,0
183218355,21.609,0.5,1769946578716,0
183218356,21.61,2.1,1769946578738,0
183218357,21.601,8.8,1769946578785,1
183218358,21.6,24.5,1769946578785,1
183218359,21.599,10.9,1769946578785,1
183218360,21.596,0.3,1769946578785,1
183218361,21.595,5.8,1769946578785,1
183218362,21.594,9.1,1769946578785,1
183218363,21.593,10.2,1769946578785,1
183218364,21.592,16.1,1769946578785,1
183218365,21.591,10.9,1769946578785,1
183218366,21.59,5.3,1769946578785,1
183218367,21.605,4.5,1769946578794,0
183218368,21.606,17.2,1769946578816,0
183218369,21.607,0.5,1769946578818,0
183218370,21.608,1.3,1769946578818,0
183218371,21.609,0.5,1769946578818,0
183218372,21.61,9.4,1769946578819,0
183218373,21.611,0.5,1769946578819,0
183218374,21.612,1.3,1769946578819,0
183218375,21.613,1.7,1769946578819,0
183218376,21.612,0.4,1769946578848,0
183218377,21.61,7.2,1769946578854,1
183218378,21.606,29.6,1769946578870,1
183218379,21.605,0.5,1769946578882,1
183218380,21.604,0.5,1769946578882,1
183218381,21.608,4.4,1769946578901,0
183218382,21.61,1.3,1769946578929,0
183218383,21.611,0.5,1769946578942,0
183218384,21.612,1.8,1769946578942,0
183218385,21.613,0.5,1769946578942,0
183218386,21.614,1.3,1769946578942,0
183218387,21.615,0.5,1769946578943,0
183218388,21.616,0.1,1769946578943,0
183218389,21.612,0.1,1769946578956,0
183218390,21.605,0.4,1769946578983,1
183218391,21.612,0.5,1769946579002,0
183218392,21.607,0.7,1769946579020,1
183218393,21.611,25.8,1769946579053,0
183218394,21.612,74.7,1769946579088,0
183218395,21.613,0.5,1769946579088,0
183218396,21.614,1.3,1769946579088,0
183218397,21.615,0.5,1769946579088,0
183218398,21.616,1.2,1769946579088,0
183218399,21.617,8.6,1769946579088,0
183218400,21.618,6.3,1769946579088,0
183218401,21.619,9.4,1769946579088,0
183218402,21.62,6.6,1769946579088,0
183218403,21.621,18.1,1769946579088,0
183218404,21.622,6.3,1769946579088,0
183218405,21.623,7.7,1769946579088,0
183218406,21.624,1.3,1769946579088,0
183218407,21.625,9.7,1769946579088,0
183218408,21.626,73.8,1769946579088,0
183218409,21.627,32.9,1769946579088,0
183218410,21.628,1.3,1769946579088,0
183218411,21.629,22.8,1769946579088,0
183218412,21.63,6.3,1769946579088,0
183218413,21.631,59.0,1769946579088,0
183218414,21.632,1.3,1769946579088,0
183218415,21.633,0.5,1769946579088,0
183218416,21.634,1.6,1769946579088,0
183218417,21.635,5.8,1769946579088,0
183218418,21.636,29.0,1769946579088,0
183218419,21.637,5.5,1769946579088,0
183218420,21.638,23.4,1769946579088,0
183218421,21.639,6.7,1769946579088,0
183218422,21.64,1.3,1769946579088,0
183218423,21.641,5.5,1769946579088,0
183218424,21.642,2.0,1769946579088,0
183218425,21.643,16.6,1769946579088,0
183218426,21.644,10.4,1769946579088,0
183218427,21.645,9.1,1769946579088,0
183218428,21.646,28.2,1769946579088,0
183218429,21.647,6.4,1769946579088,0
183218430,21.648,6.2,1769946579088,0
183218431,21.649,28.3,1769946579088,0
183218432,21.65,5.3,1769946579088,0
183218433,21.651,10.1,1769946579088,0
183218434,21.652,32.4,1769946579088,0
183218435,21.653,57.8,1769946579088,0
183218436,21.654,31.1,1769946579088,0
183218437,21.655,37.3,1769946579088,0
183218438,21.656,2.3,1769946579088,0
183218439,21.657,20.4,1769946579088,0
183218440,21.658,0.5,1769946579088,0
183218441,21.659,23.8,1769946579088,0
183218442,21.66,27.1,1769946579088,0
183218443,21.661,5.8,1769946579088,0
183218444,21.662,5.6,1769946579088,0
183218445,21.663,13.1,1769946579088,0
183218446,21.664,4.0,1769946579088,0
183218447,21.631,0.9,1769946579090,0
183218448,21.641,5.9,1769946579092,0
183218449,21.649,9.6,1769946579095,0
183218450,21.662,7.2,1769946579098,0
183218451,21.663,0.4,1769946579098,0
183218452,21.661,5.9,1769946579103,0
183218453,21.662,13.0,1769946579103,0
183218454,21.649,0.5,1769946579106,0
183218455,21.66,5.9,1769946579106,0
183218456,21.661,2.7,1769946579106,0
183218457,21.65,14.0,1769946579121,1
183218458,21.649,4.2,1769946579127,1
183218459,21.648,14.9,1769946579127,1
183218460,21.647,7.2,1769946579127,1
183218461,21.646,0.9,1769946579127,1
183218462,21.645,0.8,1769946579127,1
183218463,21.644,0.5,1769946579127,1
183218464,21.642,3.8,1769946579127,1
183218465,21.648,0.9,1769946579132,0
183218466,21.65,4.8,1769946579132,0
183218467,21.66,14.4,1769946579144,0
183218468,21.661,0.5,1769946579144,0
183218469,21.662,0.6,1769946579144,0
183218470,21.663,0.1,1769946579144,0
183218471,21.664,0.5,1769946579144,0
183218472,21.665,0.5,1769946579144,0
183218473,21.666,6.6,1769946579144,0
183218474,21.648,1.9,1769946579147,1
183218475,21.647,0.5,1769946579156,1
183218476,21.658,1.2,1769946579185,0
183218477,21.659,6.3,1769946579185,0
183218478,21.66,0.5,1769946579187,0
183218479,21.661,0.5,1769946579187,0
183218480,21.662,0.5,1769946579187,0
183218481,21.663,0.5,1769946579187,0
183218482,21.664,90.1,1769946579187,0
183218483,21.665,0.5,1769946579189,0
183218484,21.666,35.4,1769946579189,0
183218485,21.667,2.0,1769946579190,0
183218486,21.668,3.0,1769946579190,0
183218487,21.669,0.3,1769946579190,0
183218488,21.67,1.2,1769946579191,0
183218489,21.672,0.3,1769946579191,0
183218490,21.673,0.3,1769946579191,0
183218491,21.674,0.8,1769946579193,0
183218492,21.675,0.6,1769946579193,0
183218493,21.676,1.8,1769946579193,0
183218494,21.677,0.3,1769946579224,0
183218495,21.678,0.3,1769946579231,0
183218496,21.679,1.0,1769946579231,0
183218497,21.671,14.4,1769946579249,1
183218498,21.67,0.5,1769946579249,1
183218499,21.669,5.4,1769946579249,1
183218500,21.668,0.5,1769946579290,1
183218501,21.667,4.6,1769946579293,1
183218502,21.67,7.2,1769946579342,1
183218503,21.669,0.5,1769946579358,1
183218504,21.668,8.3,1769946579358,1
183218505,21.667,0.5,1769946579373,1
183218506,21.666,0.5,1769946579373,1
183218507,21.665,0.5,1769946579373,1
183218508,21.664,0.5,1769946579373,1
183218509,21.663,0.5,1769946579373,1
183218510,21.662,0.5,1769946579373,1
183218511,21.661,9.9,1769946579373,1
183218512,21.66,0.8,1769946579373,1
183218513,21.659,0.5,1769946579374,1
183218514,21.658,0.5,1769946579374,1
183218515,21.657,5.6,1769946579374,1
183218516,21.655,8.8,1769946579374,1
183218517,21.657,0.5,1769946579375,1
183218518,21.656,0.5,1769946579375,1
183218519,21.666,0.9,1769946579375,1
183218520,21.653,17.6,1769946579380,1
183218521,21.651,0.8,1769946579381,1
183218522,21.65,7.2,1769946579381,1
183218523,21.649,2.1,1769946579381,1
183218524,21.648,0.5,1769946579381,1
183218525,21.647,9.1,1769946579382,1
183218526,21.646,0.5,1769946579383,1
183218527,21.645,0.5,1769946579383,1
183218528,21.644,1.7,1769946579383,1
183218529,21.643,5.0,1769946579383,1
183218530,21.642,1.7,1769946579384,1
183218531,21.641,0.5,1769946579384,1
183218532,21.64,0.3,1769946579384,1
183218533,21.639,5.0,1769946579384,1
183218534,21.637,5.5,1769946579384,1
183218535,21.635,0.3,1769946579384,1
183218536,21.639,0.5,1769946579386,1
183218537,21.64,0.5,1769946579386,1
183218538,21.639,3.6,1769946579404,0
183218539,21.628,0.5,1769946579431,1
183218540,21.627,1.3,1769946579431,1
183218541,21.626,0.5,1769946579440,1
183218542,21.625,0.8,1769946579440,1
183218543,21.623,0.5,1769946579445,1
183218544,21.622,2.5,1769946579452,1
183218545,21.62,5.6,1769946579458,1
183218546,21.624,0.9,1769946579483,0
183218547,21.617,0.9,1769946579489,1
183218548,21.615,0.8,1769946579489,1
183218549,21.613,0.8,1769946579489,1
183218550,21.611,0.8,1769946579489,1
183218551,21.61,1.9,1769946579489,1
183218552,21.623,7.2,1769946579517,0
183218553,21.624,177.2,1769946579517,0
183218554,21.625,0.5,1769946579523,0
183218555,21.626,0.5,1769946579523,0
183218556,21.627,1.4,1769946579523,0
183218557,21.628,22.6,1769946579524,0
183218558,21.629,0.5,1769946579524,0
183218559,21.63,1.6,1769946579527,0
183218560,21.63,3.5,1769946579528,1
183218561,21.628,7.2,1769946579537,1
183218562,21.627,7.2,1769946579538,1
183218563,21.631,23.1,1769946579548,0
183218564,21.627,0.5,1769946579563,1
183218565,21.626,0.5,1769946579563,1
183218566,21.625,1.3,1769946579563,1
183218567,21.624,5.5,1769946579563,1
183218568,21.623,0.8,1769946579563,1
183218569,21.622,19.4,1769946579581,0
183218570,21.626,0.9,1769946579589,0
183218571,21.627,0.5,1769946579590,0
183218572,21.628,1.3,1769946579590,0
183218573,21.63,0.8,1769946579590,0
183218574,21.631,64.9,1769946579590,0
183218575,21.632,1.3,1769946579590,0
183218576,21.633,0.5,1769946579604,0
183218577,21.634,1.3,1769946579604,0
183218578,21.635,0.8,1769946579605,0
183218579,21.636,1.1,1769946579605,0
183218580,21.638,1.3,1769946579605,0
183218581,21.639,0.5,1769946579605,0
183218582,21.64,1.8,1769946579605,0
183218583,21.635,4.6,1769946579631,1
183218584,21.634,0.9,1769946579635,1
183218585,21.631,9.6,1769946579666,1
183218586,21.64,30.6,1769946579682,0
183218587,21.635,0.9,1769946579686,1
183218588,21.633,0.5,1769946579686,1
183218589,21.632,0.5,1769946579686,1
183218590,21.631,0.5,1769946579686,1
183218591,21.63,1.6,1769946579686,1
183218592,21.64,6.9,1769946579690,0
183218593,21.631,13.2,1769946579714,1
183218594,21.63,3.0,1769946579777,1
183218595,21.629,1.3,1769946579782,1
183218596,21.628,0.5,1769946579782,1
183218597,21.627,1.3,1769946579782,1
183218598,21.626,46.7,1769946579782,1
183218599,21.625,1.3,1769946579784,1
183218600,21.624,0.5,1769946579784,1
183218601,21.623,8.8,1769946579784,1
183218602,21.622,26.9,1769946579784,1
183218603,21.621,1.3,1769946579837,1
183218604,21.622,2.8,1769946579862,1
183218605,21.637,2.8,1769946579880,0
183218606,21.635,2.4,1769946579991,0
183218607,21.63,9.2,1769946580038,0
183218608,21.631,3.9,1769946580038,0
183218609,21.632,6.9,1769946580038,0
183218610,21.621,0.5,1769946580108,1
183218611,21.62,32.8,1769946580110,1
183218612,21.619,1.3,1769946580113,1
183218613,21.618,0.5,1769946580142,1
183218614,21.617,1.3,1769946580143,1
183218615,21.616,1.4,1769946580143,1
183218616,21.615,1.3,1769946580143,1
183218617,21.614,0.8,1769946580143,1
183218618,21.613,1.3,1769946580143,1
183218619,21.616,0.9,1769946580145,1
183218620,21.612,0.5,1769946580145,1
183218621,21.611,1.6,1769946580145,1
183218622,21.61,0.8,1769946580145,1
183218623,21.609,19.2,1769946580146,1
183218624,21.608,1.3,1769946580146,1
183218625,21.607,1.3,1769946580147,1
183218626,21.606,0.5,1769946580147,1
183218627,21.605,7.0,1769946580148,1
183218628,21.604,0.5,1769946580149,1
183218629,21.603,1.6,1769946580149,1
183218630,21.602,1.7,1769946580153,1
183218631,21.615,7.5,1769946580180,0
183218632,21.612,2.3,1769946580186,0
183218633,21.614,7.2,1769946580186,0
183218634,21.615,5.7,1769946580186,0
183218635,21.615,13.7,1769946580189,1
183218636,21.614,4.6,1769946580209,0
183218637,21.602,13.6,1769946580219,1
183218638,21.601,1.3,1769946580219,1
183218639,21.6,0.5,1769946580219,1
183218640,21.599,1.3,1769946580219,1
183218641,21.598,2.2,1769946580219,1
183218642,21.597,1.3,1769946580220,1
183218643,21.596,13.0,1769946580220,1
183218644,21.595,3.6,1769946580220,1
183218645,21.601,7.8,1769946580229,0
183218646,21.602,7.7,1769946580244,0
183218647,21.603,0.5,1769946580244,0
183218648,21.604,183.3,1769946580244,0
183218649,21.606,0.8,1769946580244,0
183218650,21.608,1.7,1769946580244,0
183218651,21.61,0.8,1769946580244,0
183218652,21.611,18.6,1769946580244,0
183218653,21.612,17.3,1769946580244,0
183218654,21.613,28.5,1769946580244,0
183218655,21.614,3.4,1769946580244,0
183218656,21.615,20.9,1769946580244,0
183218657,21.616,15.7,1769946580244,0
183218658,21.617,12.7,1769946580244,0
183218659,21.618,1.3,1769946580244,0
183218660,21.619,0.5,1769946580244,0
183218661,21.62,2.1,1769946580244,0
183218662,21.621,5.0,1769946580244,0
183218663,21.622,0.8,1769946580244,0
183218664,21.624,22.1,1769946580244,0
183218665,21.625,13.7,1769946580244,0
183218666,21.626,8.5,1769946580244,0
183218667,21.627,1.4,1769946580244,0
183218668,21.628,6.6,1769946580244,0
183218669,21.629,0.8,1769946580244,0
183218670,21.63,1.3,1769946580244,0
183218671,21.631,5.2,1769946580244,0
183218672,21.632,7.1,1769946580244,0
183218673,21.633,26.2,1769946580244,0
183218674,21.634,60.9,1769946580244,0
183218675,21.635,145.5,1769946580244,0
183218676,21.636,8.8,1769946580244,0
183218677,21.637,33.2,1769946580244,0
183218678,21.638,23.7,1769946580244,0
183218679,21.639,19.0,1769946580244,0
183218680,21.64,8.4,1769946580244,0
183218681,21.607,0.9,1769946580247,0
183218682,21.621,0.5,1769946580247,0
183218683,21.622,0.5,1769946580247,0
183218684,21.621,8.1,1769946580249,1
183218685,21.625,0.9,1769946580250,0
183218686,21.624,0.5,1769946580270,1
183218687,21.623,0.5,1769946580270,1
183218688,21.621,3.7,1769946580270,1
183218689,21.618,7.2,1769946580276,1
183218690,21.614,0.6,1769946580305,0
183218691,21.618,0.5,1769946580306,0
183218692,21.619,0.5,1769946580306,0
183218693,21.62,0.5,1769946580306,0
183218694,21.621,0.5,1769946580306,0
183218695,21.622,0.8,1769946580306,0
183218696,21.623,2.3,1769946580306,0
183218697,21.624,1.7,1769946580321,0
183218698,21.626,1.1,1769946580321,0
183218699,21.628,0.8,1769946580321,0
183218700,21.63,1.3,1769946580321,0
183218701,21.625,0.5,1769946580324,0
183218702,21.626,0.5,1769946580324,0
183218703,21.627,0.9,1769946580324,0
183218704,21.631,0.5,1769946580324,0
183218705,21.632,0.8,1769946580324,0
183218706,21.633,0.3,1769946580324,0
183218707,21.624,6.0,1769946580349,1
183218708,21.623,5.0,1769946580354,1
183218709,21.631,7.4,1769946580377,0
183218710,21.632,0.8,1769946580377,0
183218711,21.634,0.8,1769946580377,0
183218712,21.635,8.1,1769946580377,0
183218713,21.636,3.5,1769946580377,0
183218714,21.623,0.8,1769946580382,1
183218715,21.635,7.9,1769946580386,1
183218716,21.632,13.2,1769946580432,0
183218717,21.633,14.8,1769946580432,0
183218718,21.634,14.6,1769946580432,0
183218719,21.635,13.6,1769946580432,0
183218720,21.636,15.1,1769946580432,0
183218721,21.636,39.9,1769946580434,1
183218722,21.623,5.0,1769946580478,1
183218723,21.622,5.7,1769946580478,1
183218724,21.628,0.3,1769946580509,0
183218725,21.629,0.5,1769946580525,0
183218726,21.63,1.3,1769946580530,0
183218727,21.632,0.8,1769946580570,0
183218728,21.633,0.5,1769946580572,0
183218729,21.634,1.3,1769946580572,0
183218730,21.636,1.3,1769946580576,0
183218731,21.637,0.5,1769946580594,0
183218732,21.638,2.1,1769946580594,0
183218733,21.639,13.9,1769946580594,0
183218734,21.64,1.3,1769946580594,0
183218735,21.641,0.5,1769946580596,0
183218736,21.642,1.3,1769946580598,0
183218737,21.641,11.8,1769946580598,1
183218738,21.64,2.3,1769946580598,1
183218739,21.643,0.5,1769946580618,0
183218740,21.644,1.3,1769946580618,0
183218741,21.645,1.4,1769946580618,0
183218742,21.646,1.3,1769946580618,0
183218743,21.647,1.4,1769946580618,0
183218744,21.648,1.3,1769946580618,0
183218745,21.649,0.5,1769946580618,0
183218746,21.65,1.6,1769946580618,0
183218747,21.651,0.8,1769946580618,0
183218748,21.652,1.3,1769946580618,0
183218749,21.653,0.5,1769946580618,0
183218750,21.654,1.6,1769946580618,0
183218751,21.655,14.3,1769946580618,0
183218752,21.649,0.9,1769946580633,1
183218753,21.645,3.5,1769946580633,1
183218754,21.642,0.2,1769946580633,1
183218755,21.649,0.9,1769946580637,1
183218756,21.643,3.7,1769946580708,1
183218757,21.649,3.0,1769946580724,0
183218758,21.643,9.5,1769946580773,1
183218759,21.642,19.9,1769946580773,1
183218760,21.641,6.3,1769946580773,1
183218761,21.64,13.0,1769946580773,1
183218762,21.639,1.3,1769946580773,1
183218763,21.648,0.8,1769946580883,0
183218764,21.649,0.5,1769946580883,0
183218765,21.65,1.3,1769946580883,0
183218766,21.651,0.5,1769946580883,0
183218767,21.652,11.5,1769946580883,0
183218768,21.653,0.5,1769946580916,0
183218769,21.654,1.3,1769946580916,0
183218770,21.655,0.5,1769946580916,0
183218771,21.656,8.7,1769946580916,0
183218772,21.657,0.5,1769946580916,0
183218773,21.658,7.4,1769946580916,0
183218774,21.641,4.2,1769946580916,1
183218775,21.64,0.5,1769946580916,1
183218776,21.639,13.7,1769946580916,1
183218777,21.638,3.0,1769946580917,1
183218778,21.649,0.9,1769946580920,1
183218779,21.648,8.2,1769946580959,0
183218780,21.649,0.5,1769946580961,0
183218781,21.65,1.3,1769946580961,0
183218782,21.652,0.8,1769946580961,0
183218783,21.653,0.5,1769946580961,0
183218784,21.654,1.3,1769946580961,0
183218785,21.652,0.9,1769946580963,1
183218786,21.651,0.7,1769946580963,1
183218787,21.656,0.8,1769946580968,0
183218788,21.658,2.8,1769946580985,0
183218789,21.659,0.5,1769946580985,0
183218790,21.66,8.5,1769946580985,0
183218791,21.661,1.9,1769946580996,0
183218792,21.656,27.7,1769946581044,0
183218793,21.657,0.5,1769946581047,0
183218794,21.658,1.3,1769946581047,0
183218795,21.66,0.8,1769946581047,0
183218796,21.661,1.3,1769946581050,0
183218797,21.659,4.6,1769946581066,1
183218798,21.658,19.5,1769946581066,1
183218799,21.657,14.4,1769946581066,1
183218800,21.655,0.3,1769946581066,1
183218801,21.661,13.6,1769946581106,0
183218802,21.662,1.3,1769946581106,0
183218803,21.663,1.1,1769946581106,0
183218804,21.664,1.3,1769946581106,0
183218805,21.665,1.4,1769946581106,0
183218806,21.666,5.8,1769946581106,0
183218807,21.667,4.2,1769946581106,0
183218808,21.668,1.3,1769946581106,0
183218809,21.669,0.5,1769946581106,0
183218810,21.67,1.6,1769946581106,0
183218811,21.671,0.8,1769946581106,0
183218812,21.672,1.6,1769946581106,0
183218813,21.673,0.5,1769946581106,0
183218814,21.674,21.3,1769946581106,0
183218815,21.675,0.5,1769946581106,0
183218816,21.676,2.3,1769946581106,0
183218817,21.677,2.5,1769946581106,0
183218818,21.678,16.0,1769946581106,0
183218819,21.679,12.5,1769946581106,0
183218820,21.68,20.3,1769946581106,0
183218821,21.666,0.9,1769946581111,0
183218822,21.68,5.1,1769946581111,0
183218823,21.671,7.1,1769946581123,1
183218824,21.681,2.0,1769946581161,0
183218825,21.682,5.6,1769946581161,0
183218826,21.683,14.5,1769946581161,0
183218827,21.684,0.8,1769946581175,0
183218828,21.685,1.4,1769946581175,0
183218829,21.686,0.5,1769946581175,0
183218830,21.687,0.5,1769946581175,0
183218831,21.688,0.5,1769946581175,0
183218832,21.687,0.9,1769946581188,0
183218833,21.688,0.6,1769946581188,0
183218834,21.689,2.6,1769946581188,0
183218835,21.69,1.9,1769946581188,0
183218836,21.691,0.5,1769946581189,0
183218837,21.692,1.6,1769946581189,0
183218838,21.693,1.4,1769946581189,0
183218839,21.694,0.5,1769946581189,0
183218840,21.695,0.8,1769946581189,0
183218841,21.696,1.2,1769946581189,0
183218842,21.697,0.5,1769946581189,0
183218843,21.689,0.9,1769946581190,0
183218844,21.696,7.2,1769946581193,1
183218845,21.692,7.2,1769946581193,1
183218846,21.691,7.2,1769946581195,1
183218847,21.698,3.3,1769946581205,0
183218848,21.699,1.0,1769946581208,0
183218849,21.694,0.9,1769946581251,1
183218850,21.693,0.5,1769946581253,1
183218851,21.692,0.5,1769946581255,1
183218852,21.691,0.5,1769946581257,1
183218853,21.69,0.5,1769946581260,1
183218854,21.69,1.0,1769946581282,0
183218855,21.691,0.5,1769946581282,0
183218856,21.692,1.4,1769946581282,0
183218857,21.693,0.5,1769946581282,0
183218858,21.698,0.5,1769946581285,0
183218859,21.699,1.5,1769946581285,0
183218860,21.7,1.7,1769946581294,0
183218861,21.701,0.5,1769946581294,0
183218862,21.702,4.3,1769946581294,0
183218863,21.703,0.5,1769946581294,0
183218864,21.704,0.8,1769946581294,0
183218865,21.705,15.4,1769946581294,0
183218866,21.706,2.0,1769946581297,0
183218867,21.707,1.6,1769946581297,0
183218868,21.708,0.8,1769946581297,0
183218869,21.709,1.6,1769946581297,0
183218870,21.71,26.0,1769946581297,0
183218871,21.704,4.6,1769946581298,1
183218872,21.698,0.5,1769946581334,1
183218873,21.697,0.5,1769946581336,1
183218874,21.696,0.5,1769946581337,1
183218875,21.695,8.1,1769946581399,1
183218876,21.696,23.4,1769946581403,0
183218877,21.697,7.2,1769946581403,0
183218878,21.698,0.5,1769946581403,0
183218879,21.703,0.3,1769946581403,0
183218880,21.7,7.2,1769946581413,0
183218881,21.701,13.2,1769946581413,0
183218882,21.702,7.2,1769946581413,0
183218883,21.703,7.2,1769946581413,0
183218884,21.704,6.7,1769946581413,0
183218885,21.705,5.3,1769946581413,0
183218886,21.703,0.9,1769946581424,0
183218887,21.694,0.5,1769946581451,1
183218888,21.693,0.5,1769946581451,1
183218889,21.692,1.0,1769946581451,1
183218890,21.691,0.5,1769946581459,1
183218891,21.696,10.1,1769946581468,0
183218892,21.692,0.5,1769946581489,1
183218893,21.691,0.5,1769946581489,1
183218894,21.69,0.5,1769946581489,1
183218895,21.689,0.5,1769946581531,1
183218896,21.688,0.5,1769946581534,1
183218897,21.687,0.8,1769946581537,1
183218898,21.691,6.5,1769946581556,0
183218899,21.692,8.3,1769946581556,0
183218900,21.693,16.1,1769946581556,0
183218901,21.694,4.8,1769946581556,0
183218902,21.688,4.6,1769946581575,1
183218903,21.686,0.8,1769946581575,1
183218904,21.685,0.5,1769946581575,1
183218905,21.684,1.3,1769946581577,1
183218906,21.683,0.5,1769946581577,1
183218907,21.682,1.3,1769946581577,1
183218908,21.681,6.6,1769946581577,1
183218909,21.68,1.6,1769946581577,1
183218910,21.679,10.0,1769946581577,1
183218911,21.678,2.1,1769946581577,1
183218912,21.677,0.8,1769946581577,1
183218913,21.676,1.3,1769946581577,1
183218914,21.675,1.4,1769946581577,1
183218915,21.674,1.3,1769946581577,1
183218916,21.673,2.0,1769946581577,1
183218917,21.68,4.3,1769946581578,1
183218918,21.672,7.7,1769946581581,1
183218919,21.671,0.5,1769946581581,1
183218920,21.67,1.3,1769946581581,1
183218921,21.669,9.7,1769946581581,1
183218922,21.668,2.1,1769946581581,1
183218923,21.667,0.5,1769946581581,1
183218924,21.666,18.9,1769946581581,1
183218925,21.665,5.5,1769946581582,1
183218926,21.664,0.5,1769946581583,1
183218927,21.662,6.7,1769946581583,1
183218928,21.66,9.2,1769946581583,1
183218929,21.659,4.6,1769946581614,1
183218930,21.658,9.6,1769946581614,1
183218931,21.657,13.2,1769946581614,1
183218932,21.656,0.5,1769946581614,1
183218933,21.655,9.6,1769946581614,1
183218934,21.652,0.5,1769946581614,1
183218935,21.651,11.0,1769946581614,1
183218936,21.66,4.6,1769946581650,1
183218937,21.661,7.2,1769946581650,1
183218938,21.659,14.4,1769946581651,1
183218939,21.665,2.4,1769946581659,0
183218940,21.659,4.6,1769946581665,1
183218941,21.658,41.6,1769946581665,1
183218942,21.657,5.3,1769946581670,1
183218943,21.656,7.7,1769946581678,1
183218944,21.655,0.5,1769946581678,1
183218945,21.654,7.7,1769946581678,1
183218946,21.653,0.5,1769946581682,1
183218947,21.652,4.3,1769946581682,1
183218948,21.654,5.9,1769946581688,0
183218949,21.66,1.9,1769946581688,0
183218950,21.661,2.1,1769946581688,0
183218951,21.652,1.8,1769946581697,1
183218952,21.655,1.0,1769946581720,0
183218953,21.66,0.3,1769946581738,0
183218954,21.661,0.5,1769946581738,0
183218955,21.662,0.5,1769946581738,0
183218956,21.663,0.5,1769946581738,0
183218957,21.661,0.5,1769946581793,0
183218958,21.662,0.5,1769946581793,0
183218959,21.663,1.3,1769946581793,0
183218960,21.664,0.5,1769946581793,0
183218961,21.665,3.4,1769946581793,0
183218962,21.666,0.5,1769946581793,0
183218963,21.667,1.3,1769946581793,0
183218964,21.668,0.8,1769946581793,0
183218965,21.669,12.1,1769946581793,0
183218966,21.657,0.9,1769946581820,1
183218967,21.667,0.5,1769946581834,0
183218968,21.668,7.7,1769946581834,0
183218969,21.669,0.5,1769946581834,0
183218970,21.67,0.2,1769946581834,0
183218971,21.66,5.8,1769946581840,1
183218972,21.663,0.5,1769946581928,1
183218973,21.661,0.5,1769946581931,1
183218974,21.66,0.5,1769946581931,1
183218975,21.659,0.5,1769946581934,1
183218976,21.658,0.5,1769946581936,1
183218977,21.657,0.5,1769946581942,1
183218978,21.656,1.3,1769946581942,1
183218979,21.654,1.6,1769946581942,1
183218980,21.653,0.5,1769946581942,1
183218981,21.652,1.3,1769946581942,1
183218982,21.651,3.3,1769946581942,1
183218983,21.65,2.5,1769946581942,1
183218984,21.649,22.1,1769946581942,1
183218985,21.648,16.9,1769946581942,1
183218986,21.649,2.1,1769946581945,1
183218987,21.648,74.9,1769946581945,1
183218988,21.65,0.9,1769946581948,1
183218989,21.648,0.5,1769946581948,1
183218990,21.647,1.4,1769946581948,1
183218991,21.646,1.3,1769946581948,1
183218992,21.649,0.9,1769946581957,1
183218993,21.647,2.9,1769946581980,0
183218994,21.649,17.5,1769946581980,0
183218995,21.65,1.3,1769946581989,0
183218996,21.651,0.5,1769946581989,0
183218997,21.652,1.7,1769946581989,0
183218998,21.654,0.8,1769946581989,0
183218999,21.652,0.5,1769946581990,0
183219000,21.653,0.5,1769946581990,0
183219001,21.656,7.0,1769946581990,0
183219002,21.658,0.8,1769946581992,0
183219003,21.659,0.5,1769946581992,0
183219004,21.66,14.1,1769946581992,0
183219005,21.659,1.0,1769946581995,1
183219006,21.661,0.3,1769946582005,0
183219007,21.662,1.1,1769946582005,0
183219008,21.664,1.1,1769946582010,0
183219009,21.666,8.6,1769946582010,0
183219010,21.667,1.7,1769946582010,0
183219011,21.668,1.3,1769946582038,0
183219012,21.669,0.5,1769946582038,0
183219013,21.67,4.1,1769946582038,0
183219014,21.671,0.5,1769946582038,0
183219015,21.672,8.0,1769946582038,0
183219016,21.673,7.0,1769946582038,0
183219017,21.674,2.1,1769946582038,0
183219018,21.675,0.8,1769946582038,0
183219019,21.676,10.1,1769946582039,0
183219020,21.676,2.3,1769946582042,1
183219021,21.675,7.2,1769946582045,1
183219022,21.674,7.2,1769946582046,1
183219023,21.672,0.9,1769946582052,1
183219024,21.67,12.0,1769946582052,1
183219025,21.666,5.1,1769946582052,1
183219026,21.664,0.8,1769946582052,1
183219027,21.663,5.3,1769946582052,1
183219028,21.662,21.8,1769946582052,1
183219029,21.661,74.1,1769946582052,1
183219030,21.677,0.5,1769946582059,0
183219031,21.678,1.3,1769946582059,0
183219032,21.679,0.5,1769946582059,0
183219033,21.68,0.4,1769946582059,0
183219034,21.678,1.3,1769946582063,0
183219035,21.674,0.9,1769946582101,1
183219036,21.669,0.5,1769946582101,1
183219037,21.668,0.5,1769946582101,1
183219038,21.666,5.4,1769946582101,1
183219039,21.665,5.3,1769946582101,1
183219040,21.664,0.8,1769946582101,1
183219041,21.662,8.0,1769946582101,1
183219042,21.661,52.1,1769946582101,1
183219043,21.67,0.9,1769946582105,1
183219044,21.675,0.9,1769946582117,0
183219045,21.676,3.7,1769946582117,0
183219046,21.671,0.9,1769946582123,1
183219047,21.668,1.3,1769946582123,1
183219048,21.667,0.3,1769946582123,1
183219049,21.671,0.9,1769946582126,1
183219050,21.667,0.2,1769946582126,1
183219051,21.666,1.3,1769946582151,1
183219052,21.665,0.5,1769946582151,1
183219053,21.664,5.4,1769946582151,1
183219054,21.663,4.8,1769946582151,1
183219055,21.662,1.9,1769946582151,1
183219056,21.674,1.7,1769946582170,0
183219057,21.673,0.9,1769946582216,0
183219058,21.676,1.3,1769946582216,0
183219059,21.677,6.1,1769946582216,0
183219060,21.67,0.9,1769946582220,1
183219061,21.664,0.1,1769946582220,1
183219062,21.674,0.9,1769946582294,0
183219063,21.675,1.6,1769946582297,0
183219064,21.676,1.3,1769946582317,0
183219065,21.677,0.5,1769946582341,0
183219066,21.678,1.3,1769946582341,0
183219067,21.679,18.8,1769946582341,0
183219068,21.68,0.9,1769946582345,0
183219069,21.68,4.7,1769946582347,1
183219070,21.681,0.5,1769946582347,0
183219071,21.681,6.5,1769946582350,1
183219072,21.682,1.3,1769946582376,0
183219073,21.683,0.5,1769946582376,0
183219074,21.684,1.3,1769946582376,0
183219075,21.685,0.8,1769946582376,0
183219076,21.686,1.3,1769946582376,0
183219077,21.687,1.6,1769946582376,0
183219078,21.688,0.8,1769946582390,0
183219079,21.689,0.5,1769946582390,0
183219080,21.69,1.6,1769946582390,0
183219081,21.691,0.8,1769946582390,0
183219082,21.692,4.1,1769946582390,0
183219083,21.693,1.4,1769946582396,0
183219084,21.694,3.6,1769946582396,0
183219085,21.695,0.5,1769946582408,0
183219086,21.696,1.3,1769946582408,0
183219087,21.697,0.2,1769946582408,0
183219088,21.693,7.2,1769946582451,1
183219089,21.691,7.2,1769946582455,1
183219090,21.69,0.2,1769946582455,1
183219091,21.691,5.8,1769946582469,0
183219092,21.693,4.1,1769946582469,0
183219093,21.695,7.7,1769946582469,0
183219094,21.696,4.9,1769946582469,0
183219095,21.697,0.3,1769946582469,0
183219096,21.698,5.8,1769946582469,0
183219097,21.699,15.2,1769946582469,0
183219098,21.7,1.3,1769946582469,0
183219099,21.701,0.5,1769946582469,0
183219100,21.702,1.3,1769946582469,0
183219101,21.703,0.5,1769946582469,0
183219102,21.704,1.3,1769946582469,0
183219103,21.705,1.3,1769946582469,0
183219104,21.693,4.6,1769946582530,1
183219105,21.692,0.5,1769946582537,1
183219106,21.691,0.5,1769946582538,1
183219107,21.69,1.2,1769946582538,1
183219108,21.689,0.5,1769946582538,1
183219109,21.689,7.2,1769946582541,0
183219110,21.69,7.2,1769946582551,0
183219111,21.692,7.2,1769946582552,0
183219112,21.693,0.9,1769946582555,0
183219113,21.694,6.6,1769946582555,0
183219114,21.696,6.6,1769946582555,0
183219115,21.697,5.6,1769946582555,0
183219116,21.698,6.9,1769946582555,0
183219117,21.699,6.1,1769946582555,0
183219118,21.7,6.4,1769946582555,0
183219119,21.701,5.6,1769946582555,0
183219120,21.702,6.4,1769946582555,0
183219121,21.695,5.7,1769946582556,0
183219122,21.704,0.8,1769946582556,0
183219123,21.705,0.5,1769946582556,0
183219124,21.692,0.8,1769946582569,1
183219125,21.69,1.7,1769946582571,1
183219126,21.694,0.9,1769946582573,1
183219127,21.688,1.3,1769946582573,1
183219128,21.687,0.5,1769946582573,1
183219129,21.686,1.3,1769946582573,1
183219130,21.685,2.6,1769946582573,1
183219131,21.684,1.6,1769946582573,1
183219132,21.683,5.6,1769946582573,1
183219133,21.682,0.8,1769946582586,1
183219134,21.681,0.5,1769946582589,1
183219135,21.68,0.5,1769946582591,1
183219136,21.679,0.8,1769946582595,1
183219137,21.678,2.4,1769946582595,1
183219138,21.677,0.8,1769946582595,1
183219139,21.676,1.3,1769946582595,1
183219140,21.675,0.5,1769946582595,1
183219141,21.674,14.5,1769946582595,1
183219142,21.673,7.7,1769946582595,1
183219143,21.672,2.2,1769946582595,1
183219144,21.671,0.5,1769946582595,1
183219145,21.67,6.1,1769946582595,1
183219146,21.669,6.7,1769946582595,1
183219147,21.668,8.2,1769946582595,1
183219148,21.667,28.2,1769946582595,1
183219149,21.666,0.8,1769946582595,1
183219150,21.664,5.6,1769946582595,1
183219151,21.663,27.8,1769946582595,1
183219152,21.662,15.8,1769946582595,1
183219153,21.672,1.5,1769946582623,0
183219154,21.671,0.9,1769946582628,1
183219155,21.671,5.8,1769946582632,0
183219156,21.672,5.8,1769946582632,0
183219157,21.673,0.5,1769946582633,0
183219158,21.672,5.6,1769946582635,0
183219159,21.669,0.3,1769946582643,1
183219160,21.668,1.3,1769946582658,1
183219161,21.667,0.5,1769946582659,1
183219162,21.666,1.3,1769946582659,1
183219163,21.665,0.5,1769946582662,1
183219164,21.664,1.3,1769946582662,1
183219165,21.663,0.5,1769946582662,1
183219166,21.662,1.3,1769946582662,1
183219167,21.661,53.4,1769946582662,1
183219168,21.66,1.3,1769946582680,1
183219169,21.659,0.5,1769946582680,1
183219170,21.659,5.8,1769946582688,0
183219171,21.661,4.7,1769946582700,0
183219172,21.662,0.5,1769946582700,0
183219173,21.663,0.5,1769946582700,0
183219174,21.666,0.8,1769946582702,0
183219175,21.667,4.6,1769946582702,0
183219176,21.668,0.8,1769946582707,0
183219177,21.669,0.5,1769946582710,0
183219178,21.67,1.6,1769946582767,0
183219179,21.671,1.4,1769946582767,0
183219180,21.672,0.5,1769946582769,0
183219181,21.673,6.1,1769946582769,0
183219182,21.67,0.9,1769946582903,1
183219183,21.669,0.4,1769946582903,1
183219184,21.671,0.3,1769946582941,0
183219185,21.669,0.1,1769946582980,1
183219186,21.668,0.5,1769946582980,1
183219187,21.666,0.5,1769946582980,1
183219188,21.665,0.5,1769946582980,1
183219189,21.664,0.8,1769946582980,1
183219190,21.663,0.5,1769946582980,1
183219191,21.662,1.3,1769946582980,1
183219192,21.661,5.7,1769946582980,1
183219193,21.669,0.1,1769946582984,0
183219194,21.668,1.3,1769946582997,0
183219195,21.661,0.5,1769946583059,1
183219196,21.66,1.6,1769946583059,1
183219197,21.659,0.5,1769946583059,1
183219198,21.658,8.5,1769946583059,1
183219199,21.66,7.2,1769946583074,0
183219200,21.661,9.2,1769946583097,0
183219201,21.662,14.0,1769946583097,0
183219202,21.664,0.4,1769946583097,0
183219203,21.663,7.8,1769946583103,0
183219204,21.661,0.5,1769946583145,0
183219205,21.662,0.5,1769946583145,0
183219206,21.663,1.3,1769946583145,0
183219207,21.659,0.3,1769946583153,0
183219208,21.657,0.5,1769946583167,1
183219209,21.656,9.8,1769946583167,1
183219210,21.655,0.5,1769946583204,1
183219211,21.654,0.5,1769946583204,1
183219212,21.653,0.5,1769946583204,1
183219213,21.652,5.3,1769946583205,1
183219214,21.651,5.9,1769946583205,1
183219215,21.65,0.8,1769946583205,1
183219216,21.649,0.8,1769946583205,1
183219217,21.648,4.6,1769946583205,1
183219218,21.651,0.9,1769946583210,1
183219219,21.655,7.2,1769946583217,0
183219220,21.657,8.1,1769946583217,0
183219221,21.658,20.9,1769946583217,0
183219222,21.659,17.2,1769946583217,0
183219223,21.66,0.8,1769946583217,0
183219224,21.661,4.8,1769946583217,0
183219225,21.662,0.8,1769946583219,0
183219226,21.663,6.1,1769946583219,0
183219227,21.664,7.0,1769946583219,0
183219228,21.666,18.9,1769946583219,0
183219229,21.667,11.3,1769946583219,0
183219230,21.668,78.0,1769946583219,0
183219231,21.669,0.8,1769946583219,0
183219232,21.67,1.3,1769946583219,0
183219233,21.671,1.7,1769946583219,0
183219234,21.672,5.1,1769946583219,0
183219235,21.673,12.2,1769946583219,0
183219236,21.674,2.1,1769946583219,0
183219237,21.675,11.0,1769946583219,0
183219238,21.676,22.9,1769946583219,0
183219239,21.668,7.2,1769946583220,1
183219240,21.663,6.2,1769946583220,1
183219241,21.662,14.3,1769946583220,1
183219242,21.661,913.3,1769946583220,1
183219243,21.677,0.5,1769946583221,0
183219244,21.678,1.3,1769946583221,0
183219245,21.679,0.5,1769946583221,0
183219246,21.68,4.3,1769946583221,0
183219247,21.681,3.6,1769946583221,0
183219248,21.682,1.3,1769946583221,0
183219249,21.683,0.5,1769946583222,0
183219250,21.684,3.6,1769946583222,0
183219251,21.685,0.5,1769946583222,0
183219252,21.682,7.2,1769946583223,1
183219253,21.678,2.3,1769946583223,1
183219254,21.677,2.3,1769946583223,1
183219255,21.675,0.9,1769946583226,1
183219256,21.662,4.8,1769946583236,1
183219257,21.661,28.2,1769946583243,1
183219258,21.66,0.5,1769946583243,1
183219259,21.659,0.5,1769946583243,1
183219260,21.657,0.9,1769946583243,1
183219261,21.653,16.7,1769946583243,1
183219262,21.649,4.6,1769946583243,1
183219263,21.648,18.0,1769946583243,1
183219264,21.647,45.7,1769946583243,1
183219265,21.646,0.5,1769946583243,1
183219266,21.645,14.6,1769946583243,1
183219267,21.644,0.5,1769946583243,1
183219268,21.643,17.5,1769946583243,1
183219269,21.642,1.3,1769946583243,1
183219270,21.641,15.6,1769946583243,1
183219271,21.64,6.3,1769946583243,1
183219272,21.639,26.2,1769946583243,1
183219273,21.638,8.1,1769946583243,1
183219274,21.637,6.5,1769946583243,1
183219275,21.636,1.9,1769946583243,1
183219276,21.635,22.2,1769946583243,1
183219277,21.634,1.3,1769946583243,1
183219278,21.633,5.3,1769946583243,1
183219279,21.632,1.3,1769946583243,1
183219280,21.631,16.1,1769946583243,1
183219281,21.653,0.9,1769946583245,1
183219282,21.638,0.5,1769946583250,1
183219283,21.637,5.8,1769946583252,1
183219284,21.636,0.8,1769946583254,1
183219285,21.635,0.9,1769946583254,1
183219286,21.634,0.8,1769946583254,1
183219287,21.635,1.8,1769946583267,1
183219288,21.638,0.5,1769946583291,0
183219289,21.639,0.5,1769946583294,0
183219290,21.643,3.8,1769946583298,0
183219291,21.64,7.9,1769946583333,1
183219292,21.637,5.3,1769946583333,1
183219293,21.636,5.9,1769946583333,1
183219294,21.635,1.0,1769946583333,1
183219295,21.643,2.4,1769946583338,0
183219296,21.64,5.9,1769946583349,0
183219297,21.641,5.9,1769946583349,0
183219298,21.642,5.9,1769946583349,0
183219299,21.643,8.7,1769946583349,0
183219300,21.644,0.5,1769946583349,0
183219301,21.645,0.5,1769946583349,0
183219302,21.646,0.5,1769946583349,0
183219303,21.647,0.5,1769946583349,0
183219304,21.648,9.7,1769946583349,0
183219305,21.649,10.2,1769946583349,0
183219306,21.65,6.1,1769946583349,0
183219307,21.651,5.7,1769946583349,0
183219308,21.652,21.3,1769946583349,0
183219309,21.653,9.6,1769946583349,0
183219310,21.655,7.1,1769946583349,0
183219311,21.656,9.7,1769946583349,0
183219312,21.657,4.7,1769946583349,0
183219313,21.658,9.2,1769946583349,0
183219314,21.659,18.0,1769946583349,0
183219315,21.66,7.2,1769946583350,0
183219316,21.661,29.9,1769946583350,0
183219317,21.662,18.1,1769946583352,0
183219318,21.665,21.3,1769946583352,0
183219319,21.666,3.3,1769946583352,0
183219320,21.667,0.4,1769946583353,0
183219321,21.665,4.6,1769946583358,1
183219322,21.664,0.4,1769946583358,1
183219323,21.665,7.9,1769946583367,0
183219324,21.669,1.1,1769946583377,0
183219325,21.671,0.9,1769946583377,0
183219326,21.673,5.6,1769946583377,0
183219327,21.674,0.8,1769946583377,0
183219328,21.675,18.7,1769946583377,0
183219329,21.676,21.8,1769946583377,0
183219330,21.677,7.7,1769946583377,0
183219331,21.679,4.8,1769946583377,0
183219332,21.681,2.9,1769946583377,0
183219333,21.666,4.6,1769946583400,0
183219334,21.671,0.9,1769946583400,0
183219335,21.673,0.5,1769946583402,0
183219336,21.674,0.5,1769946583405,0
183219337,21.675,0.5,1769946583407,0
183219338,21.675,6.7,1769946583410,1
183219339,21.678,0.5,1769946583419,0
183219340,21.679,0.5,1769946583419,0
183219341,21.683,6.3,1769946583419,0
183219342,21.675,4.8,1769946583447,1
183219343,21.674,3.4,1769946583447,1
183219344,21.673,0.5,1769946583447,1
183219345,21.672,0.5,1769946583447,1
183219346,21.671,7.2,1769946583447,1
183219347,21.67,5.5,1769946583447,1
183219348,21.669,4.8,1769946583447,1
183219349,21.668,6.3,1769946583447,1
183219350,21.667,4.0,1769946583447,1
183219351,21.676,0.9,1769946583458,1
183219352,21.675,2.9,1769946583458,1
183219353,21.684,9.2,1769946583459,0
183219354,21.685,11.3,1769946583459,0
183219355,21.686,80.0,1769946583493,0
183219356,21.687,0.5,1769946583494,0
183219357,21.688,14.9,1769946583494,0
183219358,21.689,1.4,1769946583494,0
183219359,21.689,4.6,1769946583510,1
183219360,21.687,4.6,1769946583510,1
183219361,21.684,0.5,1769946583510,1
183219362,21.683,5.9,1769946583510,1
183219363,21.682,0.5,1769946583514,1
183219364,21.681,8.6,1769946583597,1
183219365,21.68,0.5,1769946583601,1
183219366,21.679,0.5,1769946583601,1
183219367,21.675,6.9,1769946583601,1
183219368,21.674,0.5,1769946583601,1
183219369,21.673,8.0,1769946583601,1
183219370,21.672,5.9,1769946583601,1
183219371,21.671,0.3,1769946583601,1
183219372,21.681,4.7,1769946583660,0
183219373,21.682,0.8,1769946583665,0
183219374,21.681,2.3,1769946583669,1
183219375,21.677,7.2,1769946583677,1
183219376,21.676,7.2,1769946583677,1
183219377,21.675,0.5,1769946583677,1
183219378,21.682,3.4,1769946583704,0
183219379,21.683,5.0,1769946583711,0
183219380,21.684,0.5,1769946583711,0
183219381,21.685,1.3,1769946583711,0
183219382,21.686,0.5,1769946583711,0
183219383,21.687,1.3,1769946583712,0
183219384,21.688,5.6,1769946583712,0
183219385,21.687,2.3,1769946583716,1
183219386,21.688,8.5,1769946583732,0
183219387,21.689,3.4,1769946583732,0
183219388,21.69,1.4,1769946583732,0
183219389,21.691,1.3,1769946583732,0
183219390,21.692,6.1,1769946583732,0
183219391,21.693,22.9,1769946583732,0
183219392,21.694,21.7,1769946583732,0
183219393,21.695,7.2,1769946583732,0
183219394,21.696,8.6,1769946583732,0
183219395,21.697,1.3,1769946583732,0
183219396,21.698,5.4,1769946583732,0
183219397,21.699,2.2,1769946583732,0
183219398,21.7,15.1,1769946583732,0
183219399,21.701,1.6,1769946583732,0
183219400,21.702,15.5,1769946583732,0
183219401,21.703,2.2,1769946583732,0
183219402,21.704,23.7,1769946583732,0
183219403,21.705,32.9,1769946583732,0
183219404,21.706,7.7,1769946583732,0
183219405,21.707,38.2,1769946583732,0
183219406,21.708,0.5,1769946583732,0
183219407,21.709,33.0,1769946583732,0
183219408,21.71,26.8,1769946583732,0
183219409,21.711,1.4,1769946583732,0
183219410,21.712,5.3,1769946583732,0
183219411,21.713,0.5,1769946583732,0
183219412,21.714,9.8,1769946583732,0
183219413,21.715,1.5,1769946583732,0
183219414,21.716,26.6,1769946583732,0
183219415,21.717,0.5,1769946583732,0
183219416,21.718,33.0,1769946583732,0
183219417,21.719,7.6,1769946583732,0
183219418,21.72,7.8,1769946583732,0
183219419,21.721,60.8,1769946583732,0
183219420,21.722,4.8,1769946583732,0
183219421,21.723,31.6,1769946583732,0
183219422,21.724,8.8,1769946583732,0
183219423,21.725,15.7,1769946583732,0
183219424,21.726,25.1,1769946583732,0
183219425,21.727,33.4,1769946583732,0
183219426,21.728,4.6,1769946583732,0
183219427,21.729,20.3,1769946583732,0
183219428,21.73,6.8,1769946583732,0
183219429,21.731,8.8,1769946583732,0
183219430,21.732,1.6,1769946583732,0
183219431,21.733,9.1,1769946583732,0
183219432,21.734,0.9,1769946583732,0
183219433,21.735,9.3,1769946583732,0
183219434,21.736,1.4,1769946583732,0
183219435,21.737,39.0,1769946583732,0
183219436,21.738,1.5,1769946583732,0
183219437,21.739,9.1,1769946583732,0
183219438,21.74,14.9,1769946583732,0
183219439,21.741,6.8,1769946583732,0
183219440,21.687,1.7,1769946583734,0
183219441,21.705,14.1,1769946583734,0
183219442,21.722,0.5,1769946583735,0
183219443,21.723,1.4,1769946583735,0
183219444,21.725,2.8,1769946583739,0
183219445,21.727,0.1,1769946583739,0
183219446,21.716,3.7,1769946583743,1
183219447,21.717,4.8,1769946583745,1
183219448,21.721,0.3,1769946583745,0
183219449,21.716,2.1,1769946583747,1
183219450,21.715,8.3,1769946583747,1
183219451,21.713,4.8,1769946583748,1
183219452,21.712,0.9,1769946583749,1
183219453,21.704,1.1,1769946583764,1
183219454,21.703,5.9,1769946583766,0
183219455,21.704,4.3,1769946583767,0
183219456,21.703,7.3,1769946583772,1
183219457,21.702,4.8,1769946583774,1
183219458,21.695,6.3,1769946583774,1
183219459,21.694,10.1,1769946583774,1
183219460,21.695,5.9,1769946583782,0
183219461,21.699,9.2,1769946583782,0
183219462,21.701,11.7,1769946583782,0
183219463,21.693,0.9,1769946583783,1
183219464,21.692,0.5,1769946583783,1
183219465,21.691,0.5,1769946583783,1
183219466,21.685,6.7,1769946583786,1
183219467,21.684,13.8,1769946583786,1
183219468,21.682,8.5,1769946583786,1
183219469,21.681,7.8,1769946583786,1
183219470,21.685,6.0,1769946583787,1
183219471,21.684,0.5,1769946583787,1
183219472,21.683,0.5,1769946583787,1
183219473,21.68,17.0,1769946583787,1
183219474,21.679,5.9,1769946583788,1
183219475,21.678,2.7,1769946583788,1
183219476,21.677,1.6,1769946583788,1
183219477,21.676,10.8,1769946583788,1
183219478,21.675,1.4,1769946583788,1
183219479,21.674,7.0,1769946583789,1
183219480,21.673,0.5,1769946583790,1
183219481,21.672,0.5,1769946583790,1
183219482,21.68,4.0,1769946583790,1
183219483,21.671,0.5,1769946583796,1
183219484,21.67,5.3,1769946583796,1
183219485,21.671,4.6,1769946583796,1
183219486,21.669,0.8,1769946583796,1
183219487,21.668,6.1,1769946583796,1
183219488,21.667,0.5,1769946583796,1
183219489,21.666,0.8,1769946583797,1
183219490,21.665,2.7,1769946583797,1
183219491,21.664,6.8,1769946583822,1
183219492,21.663,1.9,1769946583822,1
183219493,21.662,1.9,1769946583822,1
183219494,21.661,328.5,1769946583822,1
183219495,21.663,0.8,1769946583824,1
183219496,21.661,342.2,1769946583824,1
183219497,21.662,1.1,1769946583832,0
183219498,21.661,153.8,1769946583832,1
183219499,21.66,5.3,1769946583832,1
183219500,21.659,1.7,1769946583832,1
183219501,21.662,4.7,1769946583833,0
183219502,21.658,0.5,1769946583838,1
183219503,21.657,1.3,1769946583838,1
183219504,21.656,0.5,1769946583838,1
183219505,21.655,0.8,1769946583838,1
183219506,21.653,5.6,1769946583838,1
183219507,21.651,0.8,1769946583838,1
183219508,21.65,4.6,1769946583838,1
183219509,21.649,5.6,1769946583838,1
183219510,21.648,2.7,1769946583841,1
183219511,21.647,1.7,1769946583842,1
183219512,21.645,5.6,1769946583842,1
183219513,21.644,7.4,1769946583842,1
183219514,21.644,19.9,1769946583843,0
183219515,21.644,0.3,1769946583847,1
183219516,21.643,8.4,1769946583847,1
183219517,21.642,0.4,1769946583847,1
183219518,21.648,0.5,1769946583848,0
183219519,21.649,1.4,1769946583849,0
183219520,21.647,2.3,1769946583850,1
183219521,21.642,4.2,1769946583851,1
183219522,21.649,0.9,1769946583851,0
183219523,21.65,20.4,1769946583851,0
183219524,21.642,4.8,1769946583881,1
183219525,21.641,13.9,1769946583888,1
183219526,21.64,5.3,1769946583894,1
183219527,21.639,0.5,1769946583894,1
183219528,21.641,27.1,1769946583895,0
183219529,21.639,16.9,1769946583897,0
183219530,21.637,13.2,1769946583899,1
183219531,21.636,0.5,1769946583899,1
183219532,21.639,4.4,1769946583899,0
183219533,21.642,1.4,1769946583899,0
183219534,21.639,2.0,1769946583899,0
183219535,21.642,9.7,1769946583899,0
183219536,21.644,0.5,1769946583899,0
183219537,21.645,0.5,1769946583900,0
183219538,21.646,1.2,1769946583900,0
183219539,21.64,5.7,1769946583903,0
183219540,21.641,0.5,1769946583903,0
183219541,21.635,3.0,1769946583921,1
183219542,21.641,21.3,1769946583938,0
183219543,21.642,0.5,1769946583940,0
183219544,21.643,0.5,1769946583940,0
183219545,21.644,11.1,1769946583940,0
183219546,21.647,4.9,1769946583940,0
183219547,21.64,21.3,1769946583941,0
183219548,21.644,11.6,1769946583943,0
183219549,21.645,0.5,1769946583943,0
183219550,21.648,0.8,1769946583943,0
183219551,21.649,1.4,1769946583943,0
183219552,21.65,4.3,1769946583943,0
183219553,21.634,9.1,1769946583990,1
183219554,21.633,1.3,1769946583990,1
183219555,21.641,0.6,1769946584021,0
183219556,21.632,0.3,1769946584029,1
183219557,21.64,16.8,1769946584045,0
183219558,21.641,82.4,1769946584052,0
183219559,21.642,0.5,1769946584052,0
183219560,21.643,0.5,1769946584052,0
183219561,21.644,11.6,1769946584052,0
183219562,21.645,0.5,1769946584052,0
183219563,21.646,1.4,1769946584052,0
183219564,21.65,21.3,1769946584052,0
183219565,21.652,4.8,1769946584052,0
183219566,21.653,0.3,1769946584052,0
183219567,21.654,33.4,1769946584052,0
183219568,21.656,5.1,1769946584052,0
183219569,21.657,4.8,1769946584052,0
183219570,21.658,9.8,1769946584052,0
183219571,21.634,13.4,1769946584096,1
183219572,21.633,7.2,1769946584097,1
183219573,21.632,6.4,1769946584099,1
183219574,21.631,1.3,1769946584099,1
183219575,21.63,1.1,1769946584099,1
183219576,21.629,1.1,1769946584099,1
183219577,21.631,0.9,1769946584113,1
183219578,21.63,0.5,1769946584113,1
183219579,21.629,0.5,1769946584113,1
183219580,21.628,1.3,1769946584113,1
183219581,21.627,1.6,1769946584113,1
183219582,21.626,0.5,1769946584113,1
183219583,21.625,2.2,1769946584113,1
183219584,21.624,10.0,1769946584113,1
183219585,21.623,6.4,1769946584113,1
183219586,21.622,3.5,1769946584113,1
183219587,21.623,6.3,1769946584135,1
183219588,21.63,0.9,1769946584198,0
183219589,21.631,0.5,1769946584232,0
183219590,21.632,31.7,1769946584232,0
183219591,21.633,0.5,1769946584232,0
183219592,21.634,0.5,1769946584235,0
183219593,21.633,11.8,1769946584236,1
183219594,21.631,13.0,1769946584239,1
183219595,21.63,6.8,1769946584242,1
183219596,21.63,0.6,1769946584321,0
183219597,21.627,0.5,1769946584321,1
183219598,21.626,0.5,1769946584323,1
183219599,21.625,0.5,1769946584323,1
183219600,21.624,0.5,1769946584327,1
183219601,21.623,0.5,1769946584327,1
183219602,21.622,1.4,1769946584327,1
183219603,21.621,5.4,1769946584328,1
183219604,21.62,1.7,1769946584329,1
183219605,21.619,6.1,1769946584329,1
183219606,21.618,2.6,1769946584332,1
183219607,21.621,5.7,1769946584333,0
183219608,21.625,3.8,1769946584333,0
183219609,21.622,0.5,1769946584351,0
183219610,21.623,0.5,1769946584353,0
183219611,21.625,0.8,1769946584363,0
183219612,21.627,0.8,1769946584365,0
183219613,21.629,0.2,1769946584365,0
183219614,21.63,1.0,1769946584368,0
183219615,21.629,2.3,1769946584373,1
183219616,21.622,4.6,1769946584389,1
183219617,21.621,0.8,1769946584389,1
183219618,21.629,7.0,1769946584408,0
183219619,21.63,2.2,1769946584413,0
183219620,21.631,2.4,1769946584413,0
183219621,21.63,4.6,1769946584417,1
183219622,21.631,4.8,1769946584473,0
183219623,21.624,2.7,1769946584542,1
183219624,21.623,0.5,1769946584585,1
183219625,21.622,0.5,1769946584587,1
183219626,21.621,0.5,1769946584633,1
183219627,21.62,0.5,1769946584635,1
183219628,21.618,3.0,1769946584635,1
183219629,21.617,0.5,1769946584637,1
183219630,21.616,0.5,1769946584637,1
183219631,21.615,0.8,1769946584637,1
183219632,21.614,0.8,1769946584646,1
183219633,21.613,1.4,1769946584646,1
183219634,21.612,1.1,1769946584646,1
183219635,21.611,1.3,1769946584646,1
183219636,21.61,0.5,1769946584646,1
183219637,21.609,2.2,1769946584646,1
183219638,21.608,29.3,1769946584646,1
183219639,21.607,6.1,1769946584646,1
183219640,21.606,1.6,1769946584646,1
183219641,21.605,11.6,1769946584646,1
183219642,21.604,0.5,1769946584646,1
183219643,21.603,7.0,1769946584646,1
183219644,21.602,22.6,1769946584646,1
183219645,21.601,6.1,1769946584646,1
183219646,21.6,0.6,1769946584646,1
183219647,21.606,0.3,1769946584668,1
183219648,21.603,0.3,1769946584668,1
183219649,21.601,18.6,1769946584668,1
183219650,21.6,8.7,1769946584668,1
183219651,21.599,1.3,1769946584668,1
183219652,21.598,33.0,1769946584668,1
183219653,21.604,4.7,1769946584692,0
183219654,21.605,7.2,1769946584692,0
183219655,21.606,19.3,1769946584692,0
183219656,21.601,0.5,1769946584787,0
183219657,21.602,0.5,1769946584789,0
183219658,21.603,0.5,1769946584794,0
183219659,21.604,0.5,1769946584794,0
183219660,21.607,1.6,1769946584794,0
183219661,21.608,5.2,1769946584794,0
183219662,21.609,0.8,1769946584794,0
183219663,21.61,0.5,1769946584794,0
183219664,21.611,2.5,1769946584796,0
183219665,21.612,0.5,1769946584796,0
183219666,21.613,23.1,1769946584796,0
183219667,21.615,15.3,1769946584796,0
183219668,21.617,1.1,1769946584797,0
183219669,21.618,1.1,1769946584797,0
183219670,21.619,6.0,1769946584810,0
183219671,21.62,1.2,1769946584810,0
183219672,21.618,11.8,1769946584814,1
183219673,21.617,14.9,1769946584819,1
183219674,21.616,11.1,1769946584819,1
183219675,21.615,12.0,1769946584826,0
183219676,21.616,15.7,1769946584826,0
183219677,21.618,15.4,1769946584826,0
183219678,21.621,1.3,1769946584826,0
183219679,21.622,5.5,1769946584826,0
183219680,21.623,31.0,1769946584826,0
183219681,21.624,14.0,1769946584826,0
183219682,21.625,5.1,1769946584826,0
183219683,21.619,0.5,1769946584835,0
183219684,21.62,0.5,1769946584835,0
183219685,21.625,1.3,1769946584835,0
183219686,21.619,2.7,1769946584848,1
183219687,21.622,0.5,1769946584883,0
183219688,21.623,12.1,1769946584883,0
183219689,21.624,0.5,1769946584883,0
183219690,21.625,1.3,1769946584883,0
183219691,21.626,0.5,1769946584883,0
183219692,21.627,1.3,1769946584883,0
183219693,21.628,0.5,1769946584883,0
183219694,21.629,7.3,1769946584884,0
183219695,21.63,5.5,1769946584884,0
183219696,21.631,18.3,1769946584884,0
183219697,21.632,5.2,1769946584884,0
183219698,21.633,1.3,1769946584885,0
183219699,21.634,0.5,1769946584885,0
183219700,21.635,0.8,1769946584930,0
183219701,21.636,0.5,1769946584930,0
183219702,21.637,1.3,1769946584930,0
183219703,21.638,1.3,1769946584930,0
183219704,21.639,0.6,1769946584930,0
183219705,21.64,0.9,1769946584942,0
183219706,21.641,0.1,1769946584943,0
183219707,21.64,4.6,1769946584999,1
183219708,21.639,5.4,1769946585000,1
183219709,21.638,5.9,1769946585000,1
183219710,21.637,5.9,1769946585000,1
183219711,21.636,5.5,1769946585000,1
183219712,21.635,5.4,1769946585001,1
183219713,21.633,0.5,1769946585004,1
183219714,21.633,2.4,1769946585005,0
183219715,21.632,0.5,1769946585007,1
183219716,21.631,1.4,1769946585040,1
183219717,21.63,1.4,1769946585053,1
183219718,21.625,0.3,1769946585070,1
183219719,21.624,0.8,1769946585070,1
183219720,21.623,9.4,1769946585093,1
183219721,21.622,0.5,1769946585105,1
183219722,21.621,0.2,1769946585105,1
183219723,21.622,5.8,1769946585107,0
183219724,21.624,4.4,1769946585114,0
183219725,21.625,5.2,1769946585114,0
183219726,21.626,4.4,1769946585115,0
183219727,21.627,0.8,1769946585115,0
183219728,21.628,4.0,1769946585115,0
183219729,21.622,5.0,1769946585115,1
183219730,21.629,4.8,1769946585116,0
183219731,21.63,1.2,1769946585116,0
183219732,21.631,11.2,1769946585118,0
183219733,21.63,6.7,1769946585132,1
183219734,21.632,2.3,1769946585151,0
183219735,21.629,0.7,1769946585154,1
183219736,21.632,4.7,1769946585172,0
183219737,21.633,5.3,1769946585174,0
183219738,21.634,0.5,1769946585187,0
183219739,21.634,1.1,1769946585203,1
183219740,21.633,0.5,1769946585327,1
183219741,21.632,0.5,1769946585330,1
183219742,21.631,0.5,1769946585330,1
183219743,21.63,0.5,1769946585335,1
183219744,21.629,0.7,1769946585343,1
183219745,21.63,7.5,1769946585356,0
183219746,21.631,4.1,1769946585356,0
183219747,21.632,0.7,1769946585356,0
183219748,21.628,9.1,1769946585387,1
183219749,21.627,0.5,1769946585387,1
183219750,21.626,6.6,1769946585399,0
183219751,21.625,0.5,1769946585406,1
183219752,21.624,0.5,1769946585406,1
183219753,21.623,0.5,1769946585406,1
183219754,21.622,0.8,1769946585406,1
183219755,21.621,32.7,1769946585406,1
183219756,21.62,5.3,1769946585406,1
183219757,21.619,0.8,1769946585418,1
183219758,21.618,1.9,1769946585418,1
183219759,21.617,0.5,1769946585418,1
183219760,21.616,0.8,1769946585418,1
183219761,21.615,1.6,1769946585419,1
183219762,21.614,0.5,1769946585421,1
183219763,21.613,1.3,1769946585421,1
183219764,21.618,3.6,1769946585430,0
183219765,21.619,4.4,1769946585430,0
183219766,21.617,7.2,1769946585433,0
183219767,21.62,3.6,1769946585441,0
183219768,21.621,1.3,1769946585441,0
183219769,21.622,4.0,1769946585441,0
183219770,21.623,4.8,1769946585441,0
183219771,21.624,4.1,1769946585441,0
183219772,21.625,0.8,1769946585441,0
183219773,21.627,1.3,1769946585462,0
183219774,21.628,0.5,1769946585471,0
183219775,21.624,13.2,1769946585477,1
183219776,21.623,7.7,1769946585481,1
183219777,21.625,11.1,1769946585489,0
183219778,21.627,0.8,1769946585494,0
183219779,21.629,22.1,1769946585500,0
183219780,21.63,1.4,1769946585500,0
183219781,21.631,1.3,1769946585500,0
183219782,21.632,0.5,1769946585500,0
183219783,21.633,1.3,1769946585500,0
183219784,21.634,38.8,1769946585500,0
183219785,21.635,10.6,1769946585500,0
183219786,21.634,4.6,1769946585504,1
183219787,21.633,4.6,1769946585504,1
183219788,21.633,0.5,1769946585601,0
183219789,21.634,3.0,1769946585601,0
183219790,21.635,1.5,1769946585601,0
183219791,21.626,0.5,1769946585620,1
183219792,21.625,7.7,1769946585620,1
183219793,21.624,17.4,1769946585620,1
183219794,21.623,6.6,1769946585620,1
183219795,21.622,0.5,1769946585625,1
183219796,21.621,0.5,1769946585636,1
183219797,21.62,0.5,1769946585636,1
183219798,21.62,0.4,1769946585643,0
183219799,21.619,9.1,1769946585688,1
183219800,21.618,0.8,1769946585688,1
183219801,21.616,0.8,1769946585720,1
183219802,21.615,0.5,1769946585721,1
183219803,21.614,0.8,1769946585721,1
183219804,21.613,0.5,1769946585726,1
183219805,21.612,0.5,1769946585726,1
183219806,21.611,0.5,1769946585726,1
183219807,21.612,7.2,1769946585734,0
183219808,21.613,3.5,1769946585790,0
183219809,21.614,0.5,1769946585790,0
183219810,21.615,4.3,1769946585790,0
183219811,21.616,3.6,1769946585790,0
183219812,21.617,0.8,1769946585790,0
183219813,21.618,13.3,1769946585793,0
183219814,21.619,4.4,1769946585793,0
183219815,21.62,0.5,1769946585793,0
183219816,21.618,7.2,1769946585797,1
183219817,21.614,7.2,1769946585800,1
183219818,21.613,7.2,1769946585800,1
183219819,21.612,34.9,1769946585800,1
183219820,21.611,13.5,1769946585800,1
183219821,21.61,0.5,1769946585800,1
183219822,21.609,0.5,1769946585800,1
183219823,21.608,0.5,1769946585800,1
183219824,21.607,1.3,1769946585800,1
183219825,21.606,5.6,1769946585800,1
183219826,21.605,1.3,1769946585800,1
183219827,21.604,0.5,1769946585800,1
183219828,21.603,10.5,1769946585800,1
183219829,21.602,0.5,1769946585800,1
183219830,21.601,10.7,1769946585800,1
183219831,21.6,0.8,1769946585800,1
183219832,21.611,0.9,1769946585846,1
183219833,21.609,3.4,1769946585882,0
183219834,21.61,0.5,1769946585884,0
183219835,21.611,1.7,1769946585884,0
183219836,21.612,7.1,1769946585884,0
183219837,21.613,4.2,1769946585884,0
183219838,21.614,3.7,1769946585884,0
183219839,21.615,3.8,1769946585884,0
183219840,21.607,7.2,1769946585954,1
183219841,21.606,9.1,1769946585954,1
183219842,21.605,0.5,1769946585954,1
183219843,21.604,0.5,1769946585954,1
183219844,21.603,7.7,1769946585954,1
183219845,21.602,33.0,1769946585954,1
183219846,21.601,7.7,1769946585954,1
183219847,21.6,0.5,1769946585954,1
183219848,21.599,7.7,1769946585954,1
183219849,21.598,1.7,1769946585954,1
183219850,21.603,0.1,1769946585971,0
183219851,21.597,2.4,1769946585984,1
183219852,21.596,0.8,1769946585984,1
183219853,21.595,13.4,1769946585984,1
183219854,21.594,0.8,1769946585984,1
183219855,21.593,1.8,1769946585984,1
183219856,21.592,1.4,1769946585984,1
183219857,21.591,46.8,1769946585984,1
183219858,21.593,0.9,1769946585986,1
183219859,21.59,1.1,1769946585986,1
183219860,21.589,0.5,1769946585994,1
183219861,21.588,0.9,1769946586036,1
183219862,21.587,1.4,1769946586036,1
183219863,21.586,0.8,1769946586036,1
183219864,21.585,0.8,1769946586036,1
183219865,21.584,1.1,1769946586038,1
183219866,21.583,0.5,1769946586040,1
183219867,21.583,9.2,1769946586040,0
183219868,21.582,7.4,1769946586042,1
183219869,21.581,0.5,1769946586051,1
183219870,21.58,1.1,1769946586053,1
183219871,21.579,1.3,1769946586055,1
183219872,21.579,2.3,1769946586069,0
183219873,21.578,0.8,1769946586087,1
183219874,21.577,1.3,1769946586087,1
183219875,21.576,1.5,1769946586087,1
183219876,21.578,8.5,1769946586110,1
183219877,21.577,0.5,1769946586110,1
183219878,21.576,1.4,1769946586110,1
183219879,21.575,2.6,1769946586110,1
183219880,21.574,5.3,1769946586110,1
183219881,21.573,1.8,1769946586110,1
183219882,21.572,5.3,1769946586110,1
183219883,21.571,3.8,1769946586110,1
183219884,21.57,6.5,1769946586110,1
183219885,21.569,2.5,1769946586110,1
183219886,21.568,5.9,1769946586110,1
183219887,21.567,5.9,1769946586110,1
183219888,21.573,2.3,1769946586114,0
183219889,21.574,0.9,1769946586115,0
183219890,21.574,0.3,1769946586116,1
183219891,21.58,0.5,1769946586118,0
183219892,21.581,1.3,1769946586121,0
183219893,21.582,0.5,1769946586123,0
183219894,21.583,11.7,1769946586153,0
183219895,21.584,0.5,1769946586153,0
183219896,21.585,0.8,1769946586155,0
183219897,21.586,0.5,1769946586167,0
183219898,21.587,1.3,1769946586167,0
183219899,21.589,0.8,1769946586167,0
183219900,21.59,6.6,1769946586167,0
183219901,21.584,0.5,1769946586176,1
183219902,21.583,0.5,1769946586177,1
183219903,21.582,13.4,1769946586177,1
183219904,21.581,0.5,1769946586177,1
183219905,21.58,0.5,1769946586177,1
183219906,21.583,0.3,1769946586211,0
183219907,21.579,9.0,1769946586212,1
183219908,21.578,1.0,1769946586212,1
183219909,21.577,0.5,1769946586222,1
183219910,21.576,0.5,1769946586222,1
183219911,21.569,1.2,1769946586222,1
183219912,21.573,0.9,1769946586236,0
183219913,21.574,0.5,1769946586236,0
183219914,21.575,8.5,1769946586236,0
183219915,21.576,2.7,1769946586236,0
183219916,21.569,0.5,1769946586258,1
183219917,21.568,0.8,1769946586258,1
183219918,21.567,15.2,1769946586258,1
183219919,21.57,4.8,1769946586261,0
183219920,21.573,2.5,1769946586261,0
183219921,21.574,1.8,1769946586289,0
183219922,21.572,2.1,1769946586308,0
183219923,21.569,2.3,1769946586333,0
183219924,21.567,8.6,1769946586336,1
183219925,21.566,1.4,1769946586349,1
183219926,21.565,2.2,1769946586349,1
183219927,21.564,67.8,1769946586349,1
183219928,21.567,0.5,1769946586391,0
183219929,21.568,0.5,1769946586391,0
183219930,21.569,1.3,1769946586391,0
183219931,21.57,0.5,1769946586391,0
183219932,21.571,6.6,1769946586391,0
183219933,21.572,0.5,1769946586396,0
183219934,21.573,2.2,1769946586396,0
183219935,21.574,0.5,1769946586396,0
183219936,21.575,0.3,1769946586400,0
183219937,21.567,9.2,1769946586423,1
183219938,21.573,0.5,1769946586463,0
183219939,21.574,7.7,1769946586463,0
183219940,21.575,134.1,1769946586465,0
183219941,21.576,0.5,1769946586468,0
183219942,21.577,1.3,1769946586468,0
183219943,21.578,0.5,1769946586468,0
183219944,21.579,1.3,1769946586468,0
183219945,21.58,1.1,1769946586468,0
183219946,21.581,1.9,1769946586468,0
183219947,21.58,0.5,1769946586512,1
183219948,21.579,0.5,1769946586512,1
183219949,21.577,0.5,1769946586515,1
183219950,21.576,0.5,1769946586536,1
183219951,21.573,0.5,1769946586536,1
183219952,21.572,0.5,1769946586536,1
183219953,21.57,4.5,1769946586536,1
183219954,21.569,0.3,1769946586549,1
183219955,21.567,4.6,1769946586549,1
183219956,21.566,5.5,1769946586549,1
183219957,21.565,0.8,1769946586549,1
183219958,21.564,32.9,1769946586549,1
183219959,21.563,2.2,1769946586549,1
183219960,21.562,59.1,1769946586549,1
183219961,21.561,6.1,1769946586549,1
183219962,21.56,25.5,1769946586549,1
183219963,21.559,1.3,1769946586549,1
183219964,21.558,5.8,1769946586549,1
183219965,21.557,13.2,1769946586549,1
183219966,21.556,1.5,1769946586549,1
183219967,21.555,1.3,1769946586549,1
183219968,21.554,22.8,1769946586549,1
183219969,21.553,1.6,1769946586549,1
183219970,21.552,2.6,1769946586549,1
183219971,21.551,50.6,1769946586549,1
183219972,21.55,62.4,1769946586549,1
183219973,21.549,6.3,1769946586549,1
183219974,21.548,19.8,1769946586549,1
183219975,21.547,6.4,1769946586550,1
183219976,21.546,14.6,1769946586550,1
183219977,21.545,6.6,1769946586550,1
183219978,21.544,1.4,1769946586550,1
183219979,21.543,6.1,1769946586550,1
183219980,21.542,1.9,1769946586550,1
183219981,21.541,30.6,1769946586550,1
183219982,21.54,22.1,1769946586550,1
183219983,21.57,7.2,1769946586551,1
183219984,21.556,0.3,1769946586552,1
183219985,21.56,4.8,1769946586554,0
183219986,21.557,6.6,1769946586564,1
183219987,21.564,5.0,1769946586595,0
183219988,21.561,3.0,1769946586629,1
183219989,21.564,0.5,1769946586649,0
183219990,21.565,2.5,1769946586649,0
183219991,21.566,0.5,1769946586649,0
183219992,21.567,1.3,1769946586649,0
183219993,21.568,3.1,1769946586649,0
183219994,21.569,1.3,1769946586649,0
183219995,21.568,2.3,1769946586653,1
183219996,21.568,2.4,1769946586670,0
183219997,21.561,3.7,1769946586686,1
183219998,21.56,0.5,1769946586686,1
183219999,21.559,1.4,1769946586686,1
183220000,21.567,0.5,1769946586709,0
183220001,21.559,13.2,1769946586731,1
183220002,21.558,20.9,1769946586731,1
183220003,21.557,0.5,1769946586731,1
183220004,21.556,1.1,1769946586731,1
183220005,21.555,1.3,1769946586731,1
183220006,21.554,5.3,1769946586731,1
183220007,21.553,6.1,1769946586731,1
183220008,21.552,0.5,1769946586731,1
183220009,21.551,5.9,1769946586731,1
183220010,21.55,26.7,1769946586731,1
183220011,21.549,11.0,1769946586731,1
183220012,21.548,4.6,1769946586731,1
183220013,21.566,4.6,1769946586794,0
183220014,21.558,22.5,1769946586828,1
183220015,21.557,9.9,1769946586878,1
183220016,21.556,4.2,1769946586878,1
183220017,21.555,0.7,1769946586878,1
183220018,21.557,4.0,1769946586896,1
183220019,21.559,1.2,1769946586911,1
183220020,21.558,7.7,1769946586966,1
183220021,21.557,0.5,1769946586976,1
183220022,21.556,11.5,1769946586976,1
183220023,21.563,7.2,1769946586992,0
183220024,21.564,5.6,1769946586994,0
183220025,21.564,3.4,1769946587029,1
183220026,21.565,1.3,1769946587041,0
183220027,21.566,0.5,1769946587041,0
183220028,21.567,6.5,1769946587066,0
183220029,21.568,44.4,1769946587066,0
183220030,21.569,1.3,1769946587066,0
183220031,21.57,3.1,1769946587066,0
183220032,21.571,1.3,1769946587066,0
183220033,21.572,0.5,1769946587068,0
183220034,21.573,1.3,1769946587069,0
183220035,21.574,1.4,1769946587071,0
183220036,21.574,32.6,1769946587073,1
183220037,21.573,6.7,1769946587073,1
183220038,21.572,7.1,1769946587073,1
183220039,21.575,1.9,1769946587073,0
183220040,21.575,2.3,1769946587077,1
183220041,21.573,0.5,1769946587085,1
183220042,21.572,0.5,1769946587085,1
183220043,21.569,7.6,1769946587085,1
183220044,21.567,0.8,1769946587085,1
183220045,21.565,27.6,1769946587087,1
183220046,21.564,17.3,1769946587088,1
183220047,21.563,0.5,1769946587088,1
183220048,21.562,0.5,1769946587088,1
183220049,21.562,11.7,1769946587092,0
183220050,21.563,2.8,1769946587092,0
183220051,21.571,3.2,1769946587139,0
183220052,21.573,3.1,1769946587140,0
183220053,21.574,1.4,1769946587143,0
183220054,21.575,1.3,1769946587144,0
183220055,21.576,31.1,1769946587144,0
183220056,21.577,1.3,1769946587146,0
183220057,21.577,2.3,1769946587157,1
183220058,21.578,10.9,1769946587173,0
183220059,21.579,1.3,1769946587177,0
183220060,21.58,1.1,1769946587177,0
183220061,21.581,1.3,1769946587181,0
183220062,21.582,0.5,1769946587183,0
183220063,21.583,1.3,1769946587184,0
183220064,21.584,1.3,1769946587184,0
183220065,21.585,1.3,1769946587184,0
183220066,21.586,0.5,1769946587184,0
183220067,21.587,1.9,1769946587185,0
183220068,21.588,1.1,1769946587185,0
183220069,21.589,11.2,1769946587185,0
183220070,21.59,0.5,1769946587185,0
183220071,21.591,1.3,1769946587186,0
183220072,21.592,1.4,1769946587186,0
183220073,21.593,2.2,1769946587211,0
183220074,21.594,0.5,1769946587211,0
183220075,21.595,2.2,1769946587211,0
183220076,21.596,0.5,1769946587214,0
183220077,21.597,1.3,1769946587214,0
183220078,21.598,0.5,1769946587214,0
183220079,21.599,1.9,1769946587214,0
183220080,21.594,2.3,1769946587215,1
183220081,21.594,3.0,1769946587246,0
183220082,21.593,0.9,1769946587249,0
183220083,21.598,0.7,1769946587249,0
183220084,21.596,2.3,1769946587252,1
183220085,21.592,0.9,1769946587280,1
183220086,21.591,0.5,1769946587280,1
183220087,21.59,0.5,1769946587280,1
183220088,21.589,0.1,1769946587280,1
183220089,21.59,5.8,1769946587348,0
183220090,21.593,1.4,1769946587348,0
183220091,21.594,0.5,1769946587348,0
183220092,21.595,2.2,1769946587348,0
183220093,21.589,2.7,1769946587358,1
183220094,21.588,0.5,1769946587358,1
183220095,21.587,0.5,1769946587358,1
183220096,21.586,7.7,1769946587358,1
183220097,21.585,0.5,1769946587358,1
183220098,21.584,0.5,1769946587358,1
183220099,21.583,0.5,1769946587358,1
183220100,21.582,0.6,1769946587358,1
183220101,21.59,0.9,1769946587396,0
183220102,21.591,1.3,1769946587396,0
183220103,21.592,0.5,1769946587396,0
183220104,21.593,14.0,1769946587396,0
183220105,21.594,2.6,1769946587396,0
183220106,21.589,0.1,1769946587408,0
183220107,21.583,0.4,1769946587411,1
183220108,21.588,0.5,1769946587442,0
183220109,21.589,0.5,1769946587442,0
183220110,21.591,1.7,1769946587444,0
183220111,21.592,0.5,1769946587445,0
183220112,21.593,1.3,1769946587445,0
183220113,21.594,0.5,1769946587445,0
183220114,21.595,1.6,1769946587445,0
183220115,21.596,0.5,1769946587446,0
183220116,21.597,3.9,1769946587446,0
183220117,21.598,37.6,1769946587465,0
183220118,21.599,1.6,1769946587465,0
183220119,21.6,14.7,1769946587465,0
183220120,21.601,4.2,1769946587466,0
183220121,21.602,1.3,1769946587466,0
183220122,21.603,1.3,1769946587466,0
183220123,21.604,3.6,1769946587467,0
183220124,21.605,4.1,1769946587467,0
183220125,21.606,3.6,1769946587467,0
183220126,21.607,1.3,1769946587469,0
183220127,21.608,0.5,1769946587469,0
183220128,21.608,2.3,1769946587475,1
183220129,21.609,4.5,1769946587533,0
183220130,21.604,0.4,1769946587535,1
183220131,21.609,1.2,1769946587569,0
183220132,21.609,2.3,1769946587572,1
183220133,21.606,20.4,1769946587572,1
183220134,21.605,2.3,1769946587572,1
183220135,21.608,0.5,1769946587577,1
183220136,21.607,0.3,1769946587577,1
183220137,21.61,0.5,1769946587588,0
183220138,21.611,2.5,1769946587588,0
183220139,21.612,0.5,1769946587588,0
183220140,21.613,1.3,1769946587588,0
183220141,21.614,0.2,1769946587588,0
183220142,21.613,2.3,1769946587600,1
183220143,21.611,2.3,1769946587600,1
183220144,21.609,0.9,1769946587600,1
183220145,21.608,13.2,1769946587600,1
183220146,21.607,8.7,1769946587600,1
183220147,21.606,0.5,1769946587600,1
183220148,21.605,6.2,1769946587600,1
183220149,21.604,0.1,1769946587600,1
183220150,21.603,8.5,1769946587600,1
183220151,21.602,1.4,1769946587600,1
183220152,21.613,12.5,1769946587613,0
183220153,21.613,2.3,1769946587638,1
183220154,21.61,0.9,1769946587638,1
183220155,21.604,1.8,1769946587638,1
183220156,21.614,0.3,1769946587641,0
183220157,21.615,1.3,1769946587641,0
183220158,21.616,0.8,1769946587641,0
183220159,21.617,1.3,1769946587641,0
183220160,21.618,0.5,1769946587641,0
183220161,21.619,1.6,1769946587641,0
183220162,21.62,2.5,1769946587641,0
183220163,21.621,6.1,1769946587641,0
183220164,21.622,0.5,1769946587641,0
183220165,21.623,9.8,1769946587641,0
183220166,21.624,6.4,1769946587652,0
183220167,21.615,2.3,1769946587669,1
183220168,21.614,0.5,1769946587678,1
183220169,21.613,0.5,1769946587678,1
183220170,21.612,8.9,1769946587690,1
183220171,21.611,38.2,1769946587695,1
183220172,21.61,0.5,1769946587701,1
183220173,21.609,2.2,1769946587703,1
183220174,21.609,5.0,1769946587728,0
183220175,21.61,3.7,1769946587728,0
183220176,21.608,8.9,1769946587793,1
183220177,21.61,7.7,1769946587799,0
183220178,21.611,1.4,1769946587799,0
183220179,21.612,13.7,1769946587799,0
183220180,21.613,1.3,1769946587799,0
183220181,21.614,0.5,1769946587799,0
183220182,21.615,1.3,1769946587799,0
183220183,21.616,5.3,1769946587799,0
183220184,21.617,1.3,1769946587799,0
183220185,21.618,0.8,1769946587799,0
183220186,21.619,13.0,1769946587799,0
183220187,21.617,27.6,1769946587845,0
183220188,21.619,5.4,1769946587845,0
183220189,21.62,1.1,1769946587845,0
183220190,21.621,8.5,1769946587845,0
183220191,21.622,5.3,1769946587845,0
183220192,21.623,8.8,1769946587845,0
183220193,21.624,37.5,1769946587845,0
183220194,21.625,4.6,1769946587845,0
183220195,21.626,11.6,1769946587845,0
183220196,21.627,27.7,1769946587845,0
183220197,21.628,18.1,1769946587845,0
183220198,21.629,7.0,1769946587845,0
183220199,21.63,0.5,1769946587845,0
183220200,21.631,6.1,1769946587845,0
183220201,21.632,5.3,1769946587845,0
183220202,21.621,7.2,1769946587851,0
183220203,21.622,13.2,1769946587851,0
183220204,21.624,0.9,1769946587851,0
183220205,21.631,9.2,1769946587851,0
183220206,21.632,7.9,1769946587851,0
183220207,21.633,3.6,1769946587851,0
183220208,21.634,0.5,1769946587851,0
183220209,21.635,10.6,1769946587851,0
183220210,21.636,0.5,1769946587851,0
183220211,21.637,6.1,1769946587851,0
183220212,21.638,49.3,1769946587851,0
183220213,21.613,4.6,1769946587869,1
183220214,21.623,0.5,1769946587880,0
183220215,21.624,0.5,1769946587880,0
183220216,21.626,0.4,1769946587880,0
183220217,21.615,4.6,1769946587887,1
183220218,21.614,13.2,1769946587887,1
183220219,21.613,3.1,1769946587887,1
183220220,21.612,4.2,1769946587887,1
183220221,21.611,5.0,1769946587887,1
183220222,21.61,16.2,1769946587887,1
183220223,21.609,12.6,1769946587887,1
183220224,21.608,7.7,1769946587887,1
183220225,21.607,1.3,1769946587887,1
183220226,21.606,0.5,1769946587887,1
183220227,21.605,8.5,1769946587887,1
183220228,21.604,0.5,1769946587887,1
183220229,21.616,6.9,1769946587896,1
183220230,21.615,4.6,1769946587896,1
183220231,21.613,1.7,1769946587896,1
183220232,21.611,0.8,1769946587896,1
183220233,21.609,0.8,1769946587896,1
183220234,21.607,0.8,1769946587896,1
183220235,21.605,5.4,1769946587896,1
183220236,21.604,4.8,1769946587896,1
183220237,21.603,3.2,1769946587896,1
183220238,21.602,39.6,1769946587896,1
183220239,21.619,4.8,1769946587917,0
183220240,21.611,2.5,1769946587940,1
183220241,21.618,1.1,1769946588033,0
183220242,21.61,0.9,1769946588071,1
183220243,21.609,0.5,1769946588071,1
183220244,21.614,4.8,1769946588071,0
183220245,21.615,3.7,1769946588071,0
183220246,21.616,10.9,1769946588071,0
183220247,21.617,8.5,1769946588071,0
183220248,21.618,6.6,1769946588071,0
183220249,21.619,5.0,1769946588071,0
183220250,21.62,128.4,1769946588071,0
183220251,21.621,8.5,1769946588071,0
183220252,21.622,9.0,1769946588071,0
183220253,21.623,1.3,1769946588071,0
183220254,21.624,7.7,1769946588071,0
183220255,21.625,36.5,1769946588071,0
183220256,21.616,0.1,1769946588096,0
183220257,21.617,0.5,1769946588121,0
183220258,21.618,0.5,1769946588121,0
183220259,21.619,0.1,1769946588121,0
183220260,21.612,1.4,1769946588123,1
183220261,21.611,7.7,1769946588123,1
183220262,21.61,0.5,1769946588123,1
183220263,21.609,7.2,1769946588123,1
183220264,21.611,0.9,1769946588127,1
183220265,21.609,0.5,1769946588129,1
183220266,21.608,0.5,1769946588130,1
183220267,21.607,8.7,1769946588130,1
183220268,21.606,0.5,1769946588155,1
183220269,21.605,0.8,1769946588155,1
183220270,21.604,0.5,1769946588155,1
183220271,21.603,1.3,1769946588155,1
183220272,21.602,0.8,1769946588155,1
183220273,21.601,44.1,1769946588156,1
183220274,21.6,0.8,1769946588156,1
183220275,21.599,6.1,1769946588156,1
183220276,21.598,1.3,1769946588156,1
183220277,21.597,1.3,1769946588156,1
183220278,21.596,0.5,1769946588156,1
183220279,21.595,0.8,1769946588158,1
183220280,21.594,2.1,1769946588172,1
183220281,21.593,1.3,1769946588172,1
183220282,21.592,0.5,1769946588181,1
183220283,21.591,2.2,1769946588181,1
183220284,21.59,0.5,1769946588182,1
183220285,21.589,1.3,1769946588182,1
183220286,21.588,1.9,1769946588182,1
183220287,21.587,0.8,1769946588182,1
183220288,21.585,0.8,1769946588182,1
183220289,21.583,0.8,1769946588183,1
183220290,21.582,0.2,1769946588183,1
183220291,21.587,0.5,1769946588197,1
183220292,21.586,0.5,1769946588199,1
183220293,21.585,2.2,1769946588216,0
183220294,21.584,0.5,1769946588225,1
183220295,21.583,1.3,1769946588225,1
183220296,21.581,1.3,1769946588225,1
183220297,21.58,0.5,1769946588225,1
183220298,21.579,1.3,1769946588225,1
183220299,21.578,1.3,1769946588225,1
183220300,21.579,1.8,1769946588263,0
183220301,21.578,14.8,1769946588269,1
183220302,21.577,1.3,1769946588269,1
183220303,21.576,0.5,1769946588269,1
183220304,21.575,1.6,1769946588269,1
183220305,21.574,0.5,1769946588269,1
183220306,21.573,2.2,1769946588269,1
183220307,21.572,0.5,1769946588269,1
183220308,21.571,1.3,1769946588269,1
183220309,21.57,0.8,1769946588269,1
183220310,21.569,4.7,1769946588269,1
183220311,21.568,1.3,1769946588279,1
183220312,21.567,1.3,1769946588279,1
183220313,21.566,68.1,1769946588279,1
183220314,21.565,0.8,1769946588279,1
183220315,21.563,5.6,1769946588279,1
183220316,21.562,13.7,1769946588279,1
183220317,21.561,29.8,1769946588279,1
183220318,21.56,0.5,1769946588279,1
183220319,21.559,6.1,1769946588279,1
183220320,21.558,2.0,1769946588279,1
183220321,21.557,1.3,1769946588279,1
183220322,21.556,11.9,1769946588279,1
183220323,21.555,2.2,1769946588279,1
183220324,21.554,9.5,1769946588279,1
183220325,21.559,4.6,1769946588285,0
183220326,21.561,2.3,1769946588286,0
183220327,21.566,2.3,1769946588287,0
183220328,21.57,0.9,1769946588326,0
183220329,21.571,0.5,1769946588339,0
183220330,21.572,0.5,1769946588339,0
183220331,21.573,1.1,1769946588339,0
183220332,21.568,0.9,1769946588345,0
183220333,21.567,4.1,1769946588506,1
183220334,21.569,1.2,1769946588507,0
183220335,21.57,1.4,1769946588509,0
183220336,21.571,1.3,1769946588509,0
183220337,21.572,0.5,1769946588509,0
183220338,21.573,0.7,1769946588509,0
183220339,21.574,0.5,1769946588509,0
183220340,21.575,1.3,1769946588509,0
183220341,21.576,0.5,1769946588509,0
183220342,21.577,1.6,1769946588509,0
183220343,21.578,1.4,1769946588509,0
183220344,21.567,0.5,1769946588547,1
183220345,21.566,0.5,1769946588548,1
183220346,21.565,1.3,1769946588549,1
183220347,21.564,0.5,1769946588549,1
183220348,21.563,2.6,1769946588549,1
183220349,21.562,0.5,1769946588551,1
183220350,21.561,0.8,1769946588563,1
183220351,21.56,12.0,1769946588563,1
183220352,21.559,1.3,1769946588563,1
183220353,21.559,2.3,1769946588566,0
183220354,21.56,0.2,1769946588566,0
183220355,21.558,14.5,1769946588619,1
183220356,21.557,1.3,1769946588619,1
183220357,21.556,1.7,1769946588620,1
183220358,21.555,1.3,1769946588620,1
183220359,21.554,5.3,1769946588620,1
183220360,21.553,1.6,1769946588620,1
183220361,21.555,4.8,1769946588633,0
183220362,21.554,0.9,1769946588656,1
183220363,21.552,1.0,1769946588656,1
183220364,21.555,0.5,1769946588685,0
183220365,21.556,0.5,1769946588685,0
183220366,21.557,1.3,1769946588685,0
183220367,21.558,0.5,1769946588685,0
183220368,21.559,17.6,1769946588685,0
183220369,21.561,1.3,1769946588686,0
183220370,21.562,0.5,1769946588686,0
183220371,21.563,1.3,1769946588686,0
183220372,21.564,0.5,1769946588686,0
183220373,21.565,1.3,1769946588686,0
183220374,21.566,0.7,1769946588686,0
183220375,21.567,18.9,1769946588713,0
183220376,21.568,0.5,1769946588713,0
183220377,21.569,1.3,1769946588713,0
183220378,21.57,1.7,1769946588713,0
183220379,21.571,0.8,1769946588713,0
183220380,21.573,8.3,1769946588713,0
183220381,21.574,20.4,1769946588713,0
183220382,21.575,34.9,1769946588713,0
183220383,21.576,5.7,1769946588713,0
183220384,21.577,7.7,1769946588713,0
183220385,21.578,0.5,1769946588713,0
183220386,21.579,1.3,1769946588713,0
183220387,21.58,7.7,1769946588713,0
183220388,21.581,8.5,1769946588713,0
183220389,21.582,15.2,1769946588713,0
183220390,21.583,15.4,1769946588713,0
183220391,21.584,22.0,1769946588713,0
183220392,21.585,22.1,1769946588713,0
183220393,21.586,0.8,1769946588713,0
183220394,21.587,8.0,1769946588713,0
183220395,21.588,1.4,1769946588713,0
183220396,21.589,6.1,1769946588713,0
183220397,21.591,8.0,1769946588713,0
183220398,21.592,16.4,1769946588713,0
183220399,21.593,36.2,1769946588713,0
183220400,21.594,28.5,1769946588713,0
183220401,21.595,7.7,1769946588713,0
183220402,21.596,4.8,1769946588713,0
183220403,21.597,4.2,1769946588713,0
183220404,21.599,11.6,1769946588713,0
183220405,21.6,4.0,1769946588713,0
183220406,21.601,52.3,1769946588713,0
183220407,21.602,4.5,1769946588713,0
183220408,21.604,27.8,1769946588713,0
183220409,21.605,36.2,1769946588713,0
183220410,21.606,9.6,1769946588713,0
183220411,21.566,0.9,1769946588715,0
183220412,21.571,0.5,1769946588715,0
183220413,21.572,0.5,1769946588715,0
183220414,21.584,6.8,1769946588718,0
183220415,21.586,0.3,1769946588722,0
183220416,21.588,12.7,1769946588730,0
183220417,21.589,0.5,1769946588734,0
183220418,21.587,7.3,1769946588736,0
183220419,21.59,0.5,1769946588761,0
183220420,21.591,0.9,1769946588761,0
183220421,21.593,0.5,1769946588761,0
183220422,21.597,4.8,1769946588761,0
183220423,21.604,4.3,1769946588761,0
183220424,21.591,8.7,1769946588775,1
183220425,21.589,0.5,1769946588786,1
183220426,21.588,0.5,1769946588786,1
183220427,21.586,7.7,1769946588786,1
183220428,21.585,0.5,1769946588786,1
183220429,21.584,5.7,1769946588786,1
183220430,21.596,13.2,1769946588798,0
183220431,21.597,13.1,1769946588798,0
183220432,21.598,0.5,1769946588798,0
183220433,21.599,0.5,1769946588798,0
183220434,21.6,0.5,1769946588798,0
183220435,21.601,0.5,1769946588798,0
183220436,21.604,14.3,1769946588798,0
183220437,21.605,3.3,1769946588798,0
183220438,21.59,1.8,1769946588809,0
183220439,21.599,5.9,1769946588818,0
183220440,21.6,5.9,1769946588818,0
183220441,21.601,7.2,1769946588818,0
183220442,21.602,5.3,1769946588818,0
183220443,21.603,0.5,1769946588818,0
183220444,21.604,0.5,1769946588818,0
183220445,21.605,17.6,1769946588818,0
183220446,21.606,4.8,1769946588818,0
183220447,21.608,15.0,1769946588818,0
183220448,21.609,1.4,1769946588818,0
183220449,21.61,5.3,1769946588818,0
183220450,21.611,0.5,1769946588818,0
183220451,21.612,5.3,1769946588818,0
183220452,21.614,35.7,1769946588818,0
183220453,21.616,4.8,1769946588818,0
183220454,21.617,14.1,1769946588818,0
183220455,21.618,18.0,1769946588818,0
183220456,21.619,7.2,1769946588818,0
183220457,21.62,4.9,1769946588818,0
183220458,21.621,16.4,1769946588818,0
183220459,21.622,0.5,1769946588818,0
183220460,21.623,5.3,1769946588818,0
183220461,21.624,21.6,1769946588818,0
183220462,21.625,4.8,1769946588818,0
183220463,21.626,0.5,1769946588818,0
183220464,21.627,2.9,1769946588818,0
183220465,21.628,18.3,1769946588818,0
183220466,21.629,0.5,1769946588818,0
183220467,21.63,0.3,1769946588818,0
183220468,21.597,18.7,1769946588821,1
183220469,21.593,0.6,1769946588821,1
183220470,21.601,0.9,1769946588826,1
183220471,21.598,0.9,1769946588831,1
183220472,21.604,3.1,1769946588834,0
183220473,21.598,0.9,1769946588835,1
183220474,21.603,2.5,1769946588852,0
183220475,21.598,2.3,1769946588868,0
183220476,21.604,0.5,1769946588880,0
183220477,21.605,0.5,1769946588880,0
183220478,21.606,0.5,1769946588880,0
183220479,21.607,7.7,1769946588880,0
183220480,21.609,0.9,1769946588880,0
183220481,21.612,4.8,1769946588880,0
183220482,21.614,0.5,1769946588880,0
183220483,21.615,0.5,1769946588880,0
183220484,21.617,16.6,1769946588880,0
183220485,21.601,0.9,1769946588975,1
183220486,21.6,0.5,1769946588975,1
183220487,21.599,1.3,1769946588975,1
183220488,21.597,1.3,1769946588977,1
183220489,21.597,2.7,1769946588997,0
183220490,21.596,3.0,1769946589019,1
183220491,21.595,1.3,1769946589019,1
183220492,21.595,8.1,1769946589039,0
183220493,21.596,0.5,1769946589039,0
183220494,21.597,9.2,1769946589039,0
183220495,21.599,1.3,1769946589039,0
183220496,21.6,0.5,1769946589039,0
183220497,21.601,1.3,1769946589039,0
183220498,21.602,0.5,1769946589039,0
183220499,21.603,1.3,1769946589039,0
183220500,21.604,0.4,1769946589039,0
183220501,21.595,4.1,1769946589092,0
183220502,21.596,13.2,1769946589092,0
183220503,21.597,70.3,1769946589092,0
183220504,21.599,0.8,1769946589092,0
183220505,21.601,1.3,1769946589093,0
183220506,21.602,0.5,1769946589093,0
183220507,21.603,0.8,1769946589093,0
183220508,21.604,0.1,1769946589093,0
183220509,21.605,0.8,1769946589093,0
183220510,21.607,1.3,1769946589094,0
183220511,21.608,0.5,1769946589094,0
183220512,21.609,2.5,1769946589095,0
183220513,21.61,0.8,1769946589095,0
183220514,21.611,1.3,1769946589095,0
183220515,21.612,5.3,1769946589095,0
183220516,21.613,1.3,1769946589095,0
183220517,21.605,3.1,1769946589113,1
183220518,21.597,1.8,1769946589159,1
183220519,21.596,0.5,1769946589165,1
183220520,21.595,0.5,1769946589167,1
183220521,21.594,10.2,1769946589168,1
183220522,21.593,0.5,1769946589185,1
183220523,21.592,0.5,1769946589187,1
183220524,21.591,0.8,1769946589264,1
183220525,21.59,0.5,1769946589264,1
183220526,21.589,0.5,1769946589264,1
183220527,21.588,0.8,1769946589264,1
183220528,21.587,0.8,1769946589264,1
183220529,21.586,7.7,1769946589264,1
183220530,21.585,6.1,1769946589264,1
183220531,21.584,2.3,1769946589264,1
183220532,21.583,8.0,1769946589264,1
183220533,21.582,0.5,1769946589266,1
183220534,21.581,14.8,1769946589266,1
183220535,21.58,0.5,1769946589266,1
183220536,21.579,1.7,1769946589266,1
183220537,21.578,0.5,1769946589266,1
183220538,21.577,0.5,1769946589266,1
183220539,21.576,5.3,1769946589266,1
183220540,21.575,0.5,1769946589266,1
183220541,21.574,1.7,1769946589266,1
183220542,21.58,0.9,1769946589268,1
183220543,21.577,2.8,1769946589274,1
183220544,21.579,13.5,1769946589284,0
183220545,21.58,0.5,1769946589284,0
183220546,21.581,12.2,1769946589284,0
183220547,21.582,0.9,1769946589284,0
183220548,21.583,0.8,1769946589290,0
183220549,21.585,0.8,1769946589292,0
183220550,21.587,0.8,1769946589293,0
183220551,21.586,0.5,1769946589294,0
183220552,21.587,0.5,1769946589294,0
183220553,21.589,0.8,1769946589294,0
183220554,21.591,2.2,1769946589294,0
183220555,21.592,0.5,1769946589295,0
183220556,21.588,6.9,1769946589297,0
183220557,21.589,0.9,1769946589297,0
183220558,21.591,2.3,1769946589297,0
183220559,21.593,22.6,1769946589297,0
183220560,21.594,5.2,1769946589297,0
183220561,21.593,5.5,1769946589300,0
183220562,21.589,1.0,1769946589305,1
183220563,21.591,4.6,1769946589334,1
183220564,21.588,3.5,1769946589335,1
183220565,21.591,0.9,1769946589361,0
183220566,21.592,0.5,1769946589361,0
183220567,21.593,1.3,1769946589362,0
183220568,21.594,0.5,1769946589362,0
183220569,21.595,1.3,1769946589363,0
183220570,21.596,0.5,1769946589363,0
183220571,21.597,1.3,1769946589363,0
183220572,21.598,18.1,1769946589363,0
183220573,21.599,1.3,1769946589363,0
183220574,21.6,0.8,1769946589403,0
183220575,21.601,1.3,1769946589403,0
183220576,21.602,1.1,1769946589403,0
183220577,21.603,0.8,1769946589403,0
183220578,21.604,0.3,1769946589403,0
183220579,21.605,1.1,1769946589405,0
183220580,21.606,0.5,1769946589405,0
183220581,21.607,1.3,1769946589405,0
183220582,21.608,2.3,1769946589410,1
183220583,21.609,1.4,1769946589433,0
183220584,21.61,0.5,1769946589441,0
183220585,21.61,4.6,1769946589448,1
183220586,21.609,4.8,1769946589448,1
183220587,21.608,0.5,1769946589448,1
183220588,21.607,0.5,1769946589448,1
183220589,21.606,7.2,1769946589448,1
183220590,21.605,4.8,1769946589448,1
183220591,21.604,13.2,1769946589448,1
183220592,21.603,3.7,1769946589448,1
183220593,21.602,7.2,1769946589448,1
183220594,21.601,3.3,1769946589448,1
183220595,21.6,7.8,1769946589448,1
183220596,21.611,9.0,1769946589494,0
183220597,21.612,0.5,1769946589498,0
183220598,21.613,1.3,1769946589498,0
183220599,21.606,0.3,1769946589515,1
183220600,21.601,5.6,1769946589515,1
183220601,21.6,0.5,1769946589515,1
183220602,21.599,1.3,1769946589515,1
183220603,21.598,0.7,1769946589515,1
183220604,21.612,2.1,1769946589536,0
183220605,21.606,37.1,1769946589556,0
183220606,21.601,0.6,1769946589605,1
183220607,21.6,0.5,1769946589605,1
183220608,21.599,4.1,1769946589605,1
183220609,21.606,6.0,1769946589661,0
183220610,21.607,0.5,1769946589664,0
183220611,21.608,1.4,1769946589664,0
183220612,21.609,1.3,1769946589664,0
183220613,21.61,0.5,1769946589664,0
183220614,21.611,1.3,1769946589664,0
183220615,21.612,11.6,1769946589664,0
183220616,21.613,3.0,1769946589664,0
183220617,21.614,5.3,1769946589664,0
183220618,21.615,10.2,1769946589664,0
183220619,21.607,13.2,1769946589720,0
183220620,21.608,5.0,1769946589720,0
183220621,21.602,7.2,1769946589730,1
183220622,21.601,4.6,1769946589730,1
183220623,21.6,8.4,1769946589730,1
183220624,21.599,0.5,1769946589732,1
183220625,21.598,0.5,1769946589732,1
183220626,21.597,0.5,1769946589732,1
183220627,21.596,0.5,1769946589732,1
183220628,21.595,0.5,1769946589732,1
183220629,21.594,0.5,1769946589732,1
183220630,21.593,0.8,1769946589732,1
183220631,21.592,1.4,1769946589732,1
183220632,21.591,5.4,1769946589732,1
183220633,21.59,10.0,1769946589732,1
183220634,21.589,0.5,1769946589732,1
183220635,21.588,1.3,1769946589732,1
183220636,21.587,0.5,1769946589732,1
183220637,21.586,5.3,1769946589732,1
183220638,21.592,1.0,1769946589785,0
183220639,21.585,5.0,1769946589877,1
183220640,21.584,4.9,1769946589877,1
183220641,21.584,5.0,1769946589890,0
183220642,21.586,0.5,1769946589916,0
183220643,21.587,1.3,1769946589916,0
183220644,21.588,0.5,1769946589917,0
183220645,21.589,14.5,1769946589917,0
183220646,21.59,19.1,1769946589917,0
183220647,21.591,2.2,1769946589918,0
183220648,21.592,0.5,1769946589918,0
183220649,21.593,4.7,1769946589918,0
183220650,21.591,8.1,1769946589943,1
183220651,21.59,5.1,1769946589943,1
183220652,21.589,14.9,1769946589943,1
183220653,21.591,0.9,1769946589951,1
183220654,21.588,0.9,1769946589951,1
183220655,21.594,2.4,1769946590007,0
183220656,21.587,0.5,1769946590077,1
183220657,21.586,0.5,1769946590077,1
183220658,21.585,0.5,1769946590077,1
183220659,21.584,23.9,1769946590077,1
183220660,21.583,43.6,1769946590079,1
183220661,21.582,23.9,1769946590079,1
183220662,21.581,0.5,1769946590081,1
183220663,21.58,0.5,1769946590104,1
183220664,21.579,1.7,1769946590105,1
183220665,21.578,0.1,1769946590105,1
183220666,21.581,2.9,1769946590113,0
183220667,21.578,0.4,1769946590157,1
183220668,21.577,2.8,1769946590157,1
183220669,21.579,1.4,1769946590189,0
183220670,21.577,0.8,1769946590192,1
183220671,21.576,0.5,1769946590192,1
183220672,21.575,14.7,1769946590192,1
183220673,21.574,0.5,1769946590192,1
183220674,21.573,1.4,1769946590194,1
183220675,21.572,0.8,1769946590218,1
183220676,21.571,1.7,1769946590218,1
183220677,21.57,0.5,1769946590249,1
183220678,21.569,0.6,1769946590249,1
183220679,21.578,7.2,1769946590258,0
183220680,21.579,18.1,1769946590261,0
183220681,21.58,0.5,1769946590265,0
183220682,21.579,6.6,1769946590278,1
183220683,21.581,1.3,1769946590284,0
183220684,21.582,0.5,1769946590284,0
183220685,21.583,1.3,1769946590284,0
183220686,21.584,7.7,1769946590284,0
183220687,21.585,1.3,1769946590284,0
183220688,21.586,0.5,1769946590284,0
