trade_id,price,qty,timestamp,is_buyer_maker
184170241,17.893,12.2,1769950089475,1
184170242,17.896,1.1,1769950089480,1
184170243,17.892,7.7,1769950089482,1
184170244,17.89,27.8,1769950089482,1
184170245,17.889,0.6,1769950089482,1
184170246,17.888,9.6,1769950089482,1
184170247,17.891,5.6,1769950089482,1
184170248,17.888,1.1,1769950089482,1
184170249,17.887,1.2,1769950089483,1
184170250,17.886,0.6,1769950089483,1
184170251,17.885,2.2,1769950089483,1
184170252,17.89,1.1,1769950089485,1
184170253,17.886,8.4,1769950089485,1
184170254,17.883,16.3,1769950089485,1
184170255,17.882,8.4,1769950089486,1
184170256,17.887,1.1,1769950089488,1
184170257,17.885,5.1,1769950089496,0
184170258,17.886,1.1,1769950089496,0
184170259,17.887,7.2,1769950089496,0
184170260,17.889,11.2,1769950089496,0
184170261,17.89,12.3,1769950089496,0
184170262,17.891,24.4,1769950089496,0
184170263,17.893,17.9,1769950089496,0
184170264,17.892,2.9,1769950089499,0
184170265,17.893,0.6,1769950089499,0
184170266,17.894,7.8,1769950089499,0
184170267,17.895,7.8,1769950089499,0
184170268,17.896,1.3,1769950089501,0
184170269,17.887,1.6,1769950089510,1
184170270,17.896,37.7,1769950089513,0
184170271,17.897,0.6,1769950089517,0
184170272,17.898,0.6,1769950089517,0
184170273,17.899,1.6,1769950089517,0
184170274,17.9,0.6,1769950089517,0
184170275,17.901,0.6,1769950089517,0
184170276,17.902,7.2,1769950089517,0
184170277,17.904,0.6,1769950089519,0
184170278,17.905,3.6,1769950089519,0
184170279,17.904,1.1,1769950089519,0
184170280,17.907,0.3,1769950089519,0
184170281,17.908,0.3,1769950089519,0
184170282,17.91,2.4,1769950089519,0
184170283,17.911,29.3,1769950089519,0
184170284,17.912,7.9,1769950089519,0
184170285,17.913,0.3,1769950089520,0
184170286,17.914,22.5,1769950089521,0
184170287,17.913,13.0,1769950089522,1
184170288,17.914,11.2,1769950089522,0
184170289,17.917,2.7,1769950089522,0
184170290,17.918,0.6,1769950089524,0
184170291,17.919,38.5,1769950089525,0
184170292,17.918,3.4,1769950089527,0
184170293,17.919,15.0,1769950089527,0
184170294,17.92,3.5,1769950089527,0
184170295,17.921,0.6,1769950089527,0
184170296,17.922,1.8,1769950089527,0
184170297,17.923,0.6,1769950089529,0
184170298,17.923,4.6,1769950089537,1
184170299,17.925,13.1,1769950089538,0
184170300,17.92,15.4,1769950089538,1
184170301,17.919,0.6,1769950089542,1
184170302,17.918,21.3,1769950089542,1
184170303,17.917,24.5,1769950089542,1
184170304,17.917,2.7,1769950089547,0
184170305,17.916,5.6,1769950089549,1
184170306,17.915,0.6,1769950089549,1
184170307,17.914,1.3,1769950089549,1
184170308,17.92,1.9,1769950089550,0
184170309,17.913,22.9,1769950089552,1
184170310,17.917,5.0,1769950089564,0
184170311,17.918,5.6,1769950089564,0
184170312,17.917,7.5,1769950089565,0
184170313,17.919,23.3,1769950089566,0
184170314,17.918,5.0,1769950089567,0
184170315,17.919,7.5,1769950089567,0
184170316,17.92,9.5,1769950089568,0
184170317,17.922,5.2,1769950089572,0
184170318,17.923,5.1,1769950089572,0
184170319,17.924,11.2,1769950089572,0
184170320,17.923,0.6,1769950089574,0
184170321,17.924,1.7,1769950089574,0
184170322,17.925,0.6,1769950089576,0
184170323,17.926,1.6,1769950089576,0
184170324,17.92,0.6,1769950089589,1
184170325,17.919,0.6,1769950089589,1
184170326,17.918,14.4,1769950089589,1
184170327,17.917,23.2,1769950089589,1
184170328,17.923,3.3,1769950089603,0
184170329,17.924,11.8,1769950089603,0
184170330,17.925,21.9,1769950089603,0
184170331,17.926,11.0,1769950089607,0
184170332,17.927,0.9,1769950089613,0
184170333,17.928,1.6,1769950089613,0
184170334,17.929,20.8,1769950089613,0
184170335,17.93,1.9,1769950089617,0
184170336,17.93,27.0,1769950089626,1
184170337,17.931,0.5,1769950089638,0
184170338,17.93,11.4,1769950089644,1
184170339,17.928,1.1,1769950089648,1
184170340,17.927,5.6,1769950089648,1
184170341,17.926,11.2,1769950089677,0
184170342,17.93,3.9,1769950089710,0
184170343,17.928,1.1,1769950089714,1
184170344,17.927,0.6,1769950089714,1
184170345,17.926,1.7,1769950089714,1
184170346,17.928,1.1,1769950089753,1
184170347,17.926,11.7,1769950089753,1
184170348,17.925,34.5,1769950089753,1
184170349,17.924,10.7,1769950089753,1
184170350,17.923,0.6,1769950089753,1
184170351,17.922,0.6,1769950089753,1
184170352,17.921,0.6,1769950089753,1
184170353,17.92,28.6,1769950089753,1
184170354,17.919,34.9,1769950089753,1
184170355,17.918,17.4,1769950089753,1
184170356,17.917,33.1,1769950089753,1
184170357,17.916,5.5,1769950089753,1
184170358,17.915,36.9,1769950089753,1
184170359,17.914,51.2,1769950089753,1
184170360,17.913,166.8,1769950089753,1
184170361,17.912,28.3,1769950089753,1
184170362,17.911,6.5,1769950089753,1
184170363,17.91,3.0,1769950089753,1
184170364,17.909,6.5,1769950089753,1
184170365,17.907,1.0,1769950089753,1
184170366,17.906,27.7,1769950089753,1
184170367,17.905,1.6,1769950089753,1
184170368,17.904,4.9,1769950089753,1
184170369,17.903,17.5,1769950089753,1
184170370,17.901,1.0,1769950089753,1
184170371,17.9,26.2,1769950089753,1
184170372,17.899,26.1,1769950089753,1
184170373,17.898,46.1,1769950089753,1
184170374,17.897,4.7,1769950089753,1
184170375,17.896,3.7,1769950089753,1
184170376,17.895,27.0,1769950089753,1
184170377,17.894,31.4,1769950089753,1
184170378,17.893,42.5,1769950089753,1
184170379,17.892,46.5,1769950089753,1
184170380,17.891,30.9,1769950089753,1
184170381,17.89,4.3,1769950089753,1
184170382,17.889,22.6,1769950089753,1
184170383,17.888,9.6,1769950089753,1
184170384,17.887,4.3,1769950089753,1
184170385,17.886,17.1,1769950089753,1
184170386,17.885,23.0,1769950089753,1
184170387,17.884,19.7,1769950089753,1
184170388,17.883,3.7,1769950089753,1
184170389,17.882,5.7,1769950089753,1
184170390,17.881,25.1,1769950089753,1
184170391,17.88,16.7,1769950089753,1
184170392,17.879,41.7,1769950089753,1
184170393,17.878,49.7,1769950089753,1
184170394,17.877,0.6,1769950089753,1
184170395,17.876,1.6,1769950089753,1
184170396,17.875,0.6,1769950089753,1
184170397,17.874,2.5,1769950089753,1
184170398,17.873,51.3,1769950089753,1
184170399,17.872,1.1,1769950089753,1
184170400,17.871,45.3,1769950089753,1
184170401,17.87,88.9,1769950089753,1
184170402,17.869,11.5,1769950089753,1
184170403,17.868,4.0,1769950089753,1
184170404,17.867,16.2,1769950089753,1
184170405,17.865,7.0,1769950089753,1
184170406,17.864,1.0,1769950089753,1
184170407,17.863,3.7,1769950089753,1
184170408,17.862,31.2,1769950089753,1
184170409,17.861,17.8,1769950089753,1
184170410,17.86,21.9,1769950089753,1
184170411,17.859,25.8,1769950089753,1
184170412,17.858,2.3,1769950089753,1
184170413,17.857,22.6,1769950089753,1
184170414,17.856,56.4,1769950089753,1
184170415,17.855,25.1,1769950089753,1
184170416,17.854,1.1,1769950089753,1
184170417,17.917,0.6,1769950089755,1
184170418,17.908,0.6,1769950089755,1
184170419,17.905,2.4,1769950089755,1
184170420,17.898,1.1,1769950089755,1
184170421,17.883,1.1,1769950089755,1
184170422,17.869,22.7,1769950089755,1
184170423,17.868,11.2,1769950089755,1
184170424,17.861,22.7,1769950089755,1
184170425,17.869,7.2,1769950089755,1
184170426,17.873,7.5,1769950089758,1
184170427,17.871,13.1,1769950089758,1
184170428,17.872,6.2,1769950089761,0
184170429,17.873,1.1,1769950089766,0
184170430,17.872,1.8,1769950089769,1
184170431,17.875,1.7,1769950089771,0
184170432,17.876,3.3,1769950089771,0
184170433,17.878,8.4,1769950089771,0
184170434,17.88,11.2,1769950089773,0
184170435,17.881,5.5,1769950089774,0
184170436,17.882,0.6,1769950089774,0
184170437,17.887,7.4,1769950089777,0
184170438,17.89,1.1,1769950089787,0
184170439,17.891,7.5,1769950089792,1
184170440,17.89,10.0,1769950089792,1
184170441,17.889,23.2,1769950089792,1
184170442,17.888,2.9,1769950089792,1
184170443,17.886,1.7,1769950089792,1
184170444,17.885,10.7,1769950089792,1
184170445,17.884,4.6,1769950089792,1
184170446,17.889,0.6,1769950089794,1
184170447,17.888,0.6,1769950089794,1
184170448,17.887,7.2,1769950089796,0
184170449,17.889,6.0,1769950089796,0
184170450,17.89,17.0,1769950089796,0
184170451,17.895,5.0,1769950089796,0
184170452,17.876,15.4,1769950089797,1
184170453,17.887,1.1,1769950089799,1
184170454,17.877,1.7,1769950089799,1
184170455,17.88,2.9,1769950089802,1
184170456,17.881,13.4,1769950089802,0
184170457,17.883,1.1,1769950089802,0
184170458,17.886,10.5,1769950089802,0
184170459,17.881,6.5,1769950089803,1
184170460,17.88,32.5,1769950089809,0
184170461,17.879,25.2,1769950089813,0
184170462,17.881,5.5,1769950089813,0
184170463,17.882,11.2,1769950089813,0
184170464,17.883,6.1,1769950089813,0
184170465,17.871,1.1,1769950089822,1
184170466,17.87,0.6,1769950089822,1
184170467,17.873,1.1,1769950089826,1
184170468,17.877,0.6,1769950089833,0
184170469,17.878,0.6,1769950089833,0
184170470,17.879,15.0,1769950089833,0
184170471,17.883,2.8,1769950089837,0
184170472,17.884,33.6,1769950089839,0
184170473,17.885,14.6,1769950089839,0
184170474,17.882,1.1,1769950089847,0
184170475,17.883,23.8,1769950089847,0
184170476,17.885,1.0,1769950089849,0
184170477,17.886,11.8,1769950089849,0
184170478,17.887,1.6,1769950089849,0
184170479,17.889,1.0,1769950089849,0
184170480,17.891,1.0,1769950089849,0
184170481,17.892,43.7,1769950089849,0
184170482,17.893,23.4,1769950089849,0
184170483,17.894,0.6,1769950089849,0
184170484,17.895,4.7,1769950089849,0
184170485,17.882,1.1,1769950089851,0
184170486,17.89,0.6,1769950089857,0
184170487,17.891,0.6,1769950089857,0
184170488,17.894,2.6,1769950089857,0
184170489,17.895,11.8,1769950089857,0
184170490,17.897,29.1,1769950089857,0
184170491,17.898,1.1,1769950089857,0
184170492,17.899,3.3,1769950089857,0
184170493,17.9,0.6,1769950089857,0
184170494,17.901,1.0,1769950089857,0
184170495,17.902,28.4,1769950089857,0
184170496,17.903,6.5,1769950089857,0
184170497,17.904,11.5,1769950089857,0
184170498,17.905,54.7,1769950089857,0
184170499,17.906,25.2,1769950089857,0
184170500,17.907,28.4,1769950089857,0
184170501,17.908,15.7,1769950089857,0
184170502,17.91,6.9,1769950089857,0
184170503,17.911,23.3,1769950089857,0
184170504,17.912,23.7,1769950089857,0
184170505,17.913,29.4,1769950089857,0
184170506,17.914,52.9,1769950089857,0
184170507,17.915,25.1,1769950089857,0
184170508,17.916,22.3,1769950089857,0
184170509,17.917,48.0,1769950089857,0
184170510,17.918,16.6,1769950089857,0
184170511,17.919,4.5,1769950089857,0
184170512,17.89,1.1,1769950089861,0
184170513,17.903,12.3,1769950089864,1
184170514,17.892,0.6,1769950089878,1
184170515,17.891,11.8,1769950089878,1
184170516,17.888,23.7,1769950089878,1
184170517,17.887,10.0,1769950089878,1
184170518,17.886,20.9,1769950089878,1
184170519,17.885,2.3,1769950089883,1
184170520,17.884,0.6,1769950089883,1
184170521,17.883,9.3,1769950089883,1
184170522,17.88,15.4,1769950089883,1
184170523,17.878,27.2,1769950089884,1
184170524,17.876,1.0,1769950089884,1
184170525,17.875,2.6,1769950089885,1
184170526,17.877,0.6,1769950089886,1
184170527,17.876,0.6,1769950089886,1
184170528,17.873,3.2,1769950089886,1
184170529,17.878,3.3,1769950089893,0
184170530,17.88,5.6,1769950089897,0
184170531,17.881,5.5,1769950089897,0
184170532,17.882,6.2,1769950089897,0
184170533,17.883,11.0,1769950089897,0
184170534,17.884,0.6,1769950089901,0
184170535,17.885,0.6,1769950089901,0
184170536,17.888,12.3,1769950089904,0
184170537,17.89,2.9,1769950089905,0
184170538,17.897,10.7,1769950089905,0
184170539,17.895,11.2,1769950089912,0
184170540,17.896,33.9,1769950089912,0
184170541,17.899,1.9,1769950089912,0
184170542,17.902,0.6,1769950089912,0
184170543,17.903,0.6,1769950089912,0
184170544,17.905,2.3,1769950089912,0
184170545,17.906,0.9,1769950089912,0
184170546,17.908,1.6,1769950089912,0
184170547,17.91,18.4,1769950089912,0
184170548,17.912,12.7,1769950089912,0
184170549,17.896,2.8,1769950089921,0
184170550,17.9,1.1,1769950089921,0
184170551,17.904,0.6,1769950089924,0
184170552,17.905,0.3,1769950089924,0
184170553,17.903,6.0,1769950089927,1
184170554,17.905,0.6,1769950089943,0
184170555,17.906,0.6,1769950089944,0
184170556,17.907,0.6,1769950089944,0
184170557,17.91,5.6,1769950089944,0
184170558,17.911,38.7,1769950089944,0
184170559,17.913,20.0,1769950089944,0
184170560,17.916,37.7,1769950089944,0
184170561,17.904,1.1,1769950089945,1
184170562,17.908,1.1,1769950089951,1
184170563,17.903,3.5,1769950089951,1
184170564,17.909,1.1,1769950089953,1
184170565,17.902,0.6,1769950089953,1
184170566,17.901,0.6,1769950089958,1
184170567,17.9,15.0,1769950089958,1
184170568,17.899,11.8,1769950089960,1
184170569,17.898,11.8,1769950089963,1
184170570,17.895,1.6,1769950089963,1
184170571,17.894,29.7,1769950089966,1
184170572,17.893,5.3,1769950089973,0
184170573,17.895,7.5,1769950089977,0
184170574,17.895,1.0,1769950089978,1
184170575,17.899,0.6,1769950089986,0
184170576,17.9,6.3,1769950089986,0
184170577,17.902,7.5,1769950089986,0
184170578,17.903,6.5,1769950089988,0
184170579,17.904,0.6,1769950089989,0
184170580,17.905,1.7,1769950089989,0
184170581,17.906,0.6,1769950089989,0
184170582,17.908,6.6,1769950090011,0
184170583,17.909,0.6,1769950090011,0
184170584,17.91,0.6,1769950090011,0
184170585,17.915,5.8,1769950090011,0
184170586,17.916,5.6,1769950090011,0
184170587,17.917,21.0,1769950090011,0
184170588,17.918,5.8,1769950090011,0
184170589,17.919,28.8,1769950090011,0
184170590,17.92,30.8,1769950090011,0
184170591,17.91,1.4,1769950090026,0
184170592,17.913,0.6,1769950090026,0
184170593,17.914,0.6,1769950090026,0
184170594,17.915,1.1,1769950090026,0
184170595,17.919,12.3,1769950090026,0
184170596,17.92,11.9,1769950090026,0
184170597,17.922,16.0,1769950090026,0
184170598,17.923,56.1,1769950090026,0
184170599,17.907,0.4,1769950090043,1
184170600,17.914,0.5,1769950090044,0
184170601,17.907,0.3,1769950090048,1
184170602,17.909,11.2,1769950090061,0
184170603,17.91,5.6,1769950090061,0
184170604,17.911,5.6,1769950090061,0
184170605,17.912,11.2,1769950090064,0
184170606,17.913,6.2,1769950090064,0
184170607,17.912,5.6,1769950090065,0
184170608,17.914,6.2,1769950090065,0
184170609,17.915,5.6,1769950090065,0
184170610,17.916,5.6,1769950090065,0
184170611,17.917,5.6,1769950090065,0
184170612,17.919,1.7,1769950090065,0
184170613,17.92,11.1,1769950090065,0
184170614,17.921,5.8,1769950090065,0
184170615,17.922,5.6,1769950090065,0
184170616,17.923,5.6,1769950090065,0
184170617,17.924,74.2,1769950090065,0
184170618,17.925,0.3,1769950090065,0
184170619,17.926,20.3,1769950090065,0
184170620,17.916,5.6,1769950090067,0
184170621,17.921,1.7,1769950090082,0
184170622,17.922,0.6,1769950090082,0
184170623,17.923,0.6,1769950090082,0
184170624,17.924,0.6,1769950090082,0
184170625,17.925,2.5,1769950090082,0
184170626,17.928,7.9,1769950090082,0
184170627,17.92,1.1,1769950090102,1
184170628,17.92,36.2,1769950090103,0
184170629,17.919,1.1,1769950090104,1
184170630,17.918,0.6,1769950090104,1
184170631,17.917,0.6,1769950090104,1
184170632,17.915,15.3,1769950090104,1
184170633,17.913,2.5,1769950090104,1
184170634,17.911,25.7,1769950090104,1
184170635,17.91,2.4,1769950090105,1
184170636,17.918,5.5,1769950090106,0
184170637,17.919,10.0,1769950090111,0
184170638,17.918,26.2,1769950090122,0
184170639,17.919,0.6,1769950090122,0
184170640,17.92,185.9,1769950090122,0
184170641,17.919,14.8,1769950090125,0
184170642,17.92,27.4,1769950090125,0
184170643,17.921,11.2,1769950090126,0
184170644,17.922,0.6,1769950090126,0
184170645,17.923,0.6,1769950090126,0
184170646,17.924,0.6,1769950090126,0
184170647,17.925,0.6,1769950090126,0
184170648,17.926,0.3,1769950090127,0
184170649,17.927,0.3,1769950090127,0
184170650,17.921,5.5,1769950090128,0
184170651,17.92,0.5,1769950090143,1
184170652,17.922,0.6,1769950090144,0
184170653,17.923,0.6,1769950090144,0
184170654,17.925,1.1,1769950090144,0
184170655,17.926,5.6,1769950090144,0
184170656,17.927,5.6,1769950090144,0
184170657,17.928,10.1,1769950090145,0
184170658,17.929,6.3,1769950090145,0
184170659,17.93,9.4,1769950090145,0
184170660,17.931,0.6,1769950090145,0
184170661,17.932,1.5,1769950090145,0
184170662,17.92,5.8,1769950090150,1
184170663,17.919,0.6,1769950090150,1
184170664,17.918,15.5,1769950090150,1
184170665,17.917,26.2,1769950090150,1
184170666,17.916,12.6,1769950090150,1
184170667,17.926,1.1,1769950090154,1
184170668,17.923,1.1,1769950090161,1
184170669,17.919,0.6,1769950090161,1
184170670,17.918,8.5,1769950090161,1
184170671,17.924,1.1,1769950090167,1
184170672,17.927,7.5,1769950090174,0
184170673,17.928,7.5,1769950090174,0
184170674,17.929,12.8,1769950090174,0
184170675,17.93,5.6,1769950090174,0
184170676,17.931,6.3,1769950090174,0
184170677,17.928,85.0,1769950090176,1
184170678,17.925,2.0,1769950090184,0
184170679,17.921,0.6,1769950090185,1
184170680,17.92,0.6,1769950090185,1
184170681,17.918,3.3,1769950090185,1
184170682,17.917,15.2,1769950090185,1
184170683,17.916,11.2,1769950090185,1
184170684,17.914,2.5,1769950090185,1
184170685,17.913,9.5,1769950090185,1
184170686,17.912,27.8,1769950090185,1
184170687,17.911,23.0,1769950090185,1
184170688,17.91,0.6,1769950090185,1
184170689,17.909,5.5,1769950090185,1
184170690,17.907,2.8,1769950090185,1
184170691,17.906,0.6,1769950090185,1
184170692,17.905,1.2,1769950090187,1
184170693,17.904,0.6,1769950090187,1
184170694,17.903,0.6,1769950090188,1
184170695,17.902,2.0,1769950090188,1
184170696,17.901,0.6,1769950090188,1
184170697,17.9,0.6,1769950090188,1
184170698,17.899,3.0,1769950090188,1
184170699,17.903,4.7,1769950090188,0
184170700,17.904,5.4,1769950090188,0
184170701,17.905,3.7,1769950090188,0
184170702,17.906,28.2,1769950090188,0
184170703,17.906,22.5,1769950090188,1
184170704,17.899,23.5,1769950090188,1
184170705,17.898,5.5,1769950090188,1
184170706,17.897,5.5,1769950090188,1
184170707,17.896,11.2,1769950090188,1
184170708,17.895,36.0,1769950090188,1
184170709,17.903,6.3,1769950090192,0
184170710,17.905,6.3,1769950090192,0
184170711,17.906,3.2,1769950090195,0
184170712,17.907,5.3,1769950090202,0
184170713,17.903,0.6,1769950090202,1
184170714,17.902,1.7,1769950090202,1
184170715,17.899,3.2,1769950090202,1
184170716,17.897,0.1,1769950090202,1
184170717,17.907,4.8,1769950090202,0
184170718,17.906,5.6,1769950090205,0
184170719,17.902,1.1,1769950090208,1
184170720,17.907,3.2,1769950090208,0
184170721,17.908,11.8,1769950090208,0
184170722,17.902,1.1,1769950090224,1
184170723,17.901,0.6,1769950090224,1
184170724,17.9,7.7,1769950090224,1
184170725,17.906,7.2,1769950090238,0
184170726,17.908,7.2,1769950090239,0
184170727,17.909,18.5,1769950090240,0
184170728,17.91,0.6,1769950090240,0
184170729,17.911,6.2,1769950090240,0
184170730,17.912,15.7,1769950090240,0
184170731,17.913,0.6,1769950090240,0
184170732,17.914,28.0,1769950090240,0
184170733,17.915,20.7,1769950090240,0
184170734,17.91,5.1,1769950090242,0
184170735,17.907,3.5,1769950090255,1
184170736,17.91,2.7,1769950090258,0
184170737,17.907,10.5,1769950090267,0
184170738,17.908,0.6,1769950090271,0
184170739,17.909,0.6,1769950090271,0
184170740,17.913,10.8,1769950090293,0
184170741,17.914,0.6,1769950090296,0
184170742,17.911,4.8,1769950090298,1
184170743,17.915,0.6,1769950090342,0
184170744,17.916,5.9,1769950090342,0
184170745,17.917,0.6,1769950090350,0
184170746,17.918,23.4,1769950090382,0
184170747,17.919,0.6,1769950090384,0
184170748,17.92,0.6,1769950090384,0
184170749,17.921,0.6,1769950090384,0
184170750,17.922,0.6,1769950090384,0
184170751,17.918,20.4,1769950090386,0
184170752,17.923,1.2,1769950090391,0
184170753,17.924,1.7,1769950090391,0
184170754,17.925,0.3,1769950090391,0
184170755,17.926,0.6,1769950090391,0
184170756,17.927,11.8,1769950090391,0
184170757,17.928,35.7,1769950090391,0
184170758,17.929,0.9,1769950090396,0
184170759,17.93,1.6,1769950090396,0
184170760,17.931,4.4,1769950090396,0
184170761,17.925,2.7,1769950090419,1
184170762,17.924,7.9,1769950090419,1
184170763,17.923,4.3,1769950090419,1
184170764,17.922,5.1,1769950090419,1
184170765,17.925,31.0,1769950090440,1
184170766,17.923,0.6,1769950090440,1
184170767,17.922,17.9,1769950090440,1
184170768,17.921,3.6,1769950090440,1
184170769,17.925,20.4,1769950090450,1
184170770,17.924,0.6,1769950090450,1
184170771,17.923,15.4,1769950090450,1
184170772,17.922,11.2,1769950090450,1
184170773,17.921,9.6,1769950090450,1
184170774,17.92,7.1,1769950090450,1
184170775,17.925,1.0,1769950090464,1
184170776,17.93,0.5,1769950090465,0
184170777,17.931,9.7,1769950090472,0
184170778,17.932,0.8,1769950090472,0
184170779,17.933,260.1,1769950090472,0
184170780,17.934,3.1,1769950090474,0
184170781,17.935,0.6,1769950090474,0
184170782,17.936,9.0,1769950090474,0
184170783,17.937,0.9,1769950090474,0
184170784,17.938,34.0,1769950090474,0
184170785,17.939,0.6,1769950090476,0
184170786,17.94,2.3,1769950090477,0
184170787,17.941,0.9,1769950090478,0
184170788,17.942,1.4,1769950090478,0
184170789,17.943,0.6,1769950090478,0
184170790,17.941,1.1,1769950090478,0
184170791,17.944,0.6,1769950090479,0
184170792,17.945,5.6,1769950090479,0
184170793,17.946,0.6,1769950090479,0
184170794,17.947,8.4,1769950090482,0
184170795,17.944,14.4,1769950090487,1
184170796,17.943,11.7,1769950090495,1
184170797,17.942,7.8,1769950090496,1
184170798,17.941,14.4,1769950090496,1
184170799,17.943,11.1,1769950090498,1
184170800,17.94,7.2,1769950090498,1
184170801,17.938,7.2,1769950090498,1
184170802,17.934,10.2,1769950090508,0
184170803,17.938,4.9,1769950090508,0
184170804,17.939,12.2,1769950090508,0
184170805,17.941,8.6,1769950090508,0
184170806,17.942,5.0,1769950090508,0
184170807,17.943,4.9,1769950090508,0
184170808,17.944,42.0,1769950090508,0
184170809,17.945,38.2,1769950090508,0
184170810,17.946,12.2,1769950090508,0
184170811,17.947,10.8,1769950090508,0
184170812,17.948,4.9,1769950090508,0
184170813,17.949,43.4,1769950090508,0
184170814,17.95,37.0,1769950090508,0
184170815,17.933,8.0,1769950090509,1
184170816,17.941,1.1,1769950090511,1
184170817,17.933,0.8,1769950090511,1
184170818,17.932,0.6,1769950090511,1
184170819,17.931,0.6,1769950090511,1
184170820,17.93,11.2,1769950090511,1
184170821,17.928,14.7,1769950090511,1
184170822,17.933,0.6,1769950090514,1
184170823,17.932,0.6,1769950090519,1
184170824,17.93,5.6,1769950090542,0
184170825,17.931,0.6,1769950090545,0
184170826,17.932,0.6,1769950090546,0
184170827,17.933,11.2,1769950090546,0
184170828,17.934,5.6,1769950090546,0
184170829,17.935,0.6,1769950090547,0
184170830,17.936,0.6,1769950090551,0
184170831,17.937,0.6,1769950090552,0
184170832,17.938,0.6,1769950090552,0
184170833,17.94,21.6,1769950090552,0
184170834,17.938,14.7,1769950090553,0
184170835,17.941,13.7,1769950090553,0
184170836,17.942,14.7,1769950090558,0
184170837,17.943,11.2,1769950090558,0
184170838,17.949,0.6,1769950090575,0
184170839,17.95,1.0,1769950090575,0
184170840,17.951,34.1,1769950090586,0
184170841,17.947,5.3,1769950090590,1
184170842,17.952,2.7,1769950090594,0
184170843,17.947,5.8,1769950090599,1
184170844,17.946,15.4,1769950090599,1
184170845,17.945,6.6,1769950090599,1
184170846,17.944,0.6,1769950090599,1
184170847,17.943,0.6,1769950090599,1
184170848,17.942,16.6,1769950090599,1
184170849,17.941,11.1,1769950090599,1
184170850,17.939,18.4,1769950090599,1
184170851,17.938,6.0,1769950090599,1
184170852,17.936,5.2,1769950090599,1
184170853,17.935,15.4,1769950090599,1
184170854,17.934,0.6,1769950090599,1
184170855,17.933,0.6,1769950090599,1
184170856,17.931,20.1,1769950090599,1
184170857,17.93,27.7,1769950090599,1
184170858,17.929,15.1,1769950090599,1
184170859,17.928,7.5,1769950090599,1
184170860,17.927,72.8,1769950090599,1
184170861,17.926,15.4,1769950090599,1
184170862,17.925,6.5,1769950090599,1
184170863,17.924,17.1,1769950090599,1
184170864,17.923,16.2,1769950090599,1
184170865,17.922,15.7,1769950090599,1
184170866,17.945,1.1,1769950090602,1
184170867,17.933,7.5,1769950090604,0
184170868,17.94,13.5,1769950090611,0
184170869,17.939,5.6,1769950090613,0
184170870,17.941,1.7,1769950090622,0
184170871,17.942,0.6,1769950090622,0
184170872,17.946,0.6,1769950090629,0
184170873,17.947,0.6,1769950090629,0
184170874,17.95,5.6,1769950090631,0
184170875,17.951,4.4,1769950090631,0
184170876,17.952,0.7,1769950090631,0
184170877,17.948,0.6,1769950090646,1
184170878,17.947,1.7,1769950090646,1
184170879,17.946,6.4,1769950090646,1
184170880,17.945,6.1,1769950090646,1
184170881,17.943,5.7,1769950090646,1
184170882,17.942,4.4,1769950090646,1
184170883,17.953,1.7,1769950090649,0
184170884,17.954,1.8,1769950090653,0
184170885,17.955,8.2,1769950090653,0
184170886,17.949,1.6,1769950090658,1
184170887,17.948,1.1,1769950090674,1
184170888,17.947,0.6,1769950090674,1
184170889,17.946,12.2,1769950090674,1
184170890,17.941,15.1,1769950090675,1
184170891,17.94,11.3,1769950090675,1
184170892,17.95,1.1,1769950090678,1
184170893,17.945,41.8,1769950090685,1
184170894,17.946,1.1,1769950090689,1
184170895,17.945,30.6,1769950090689,1
184170896,17.945,3.5,1769950090710,0
184170897,17.945,1.1,1769950090719,1
184170898,17.943,0.6,1769950090719,1
184170899,17.942,0.6,1769950090719,1
184170900,17.947,6.2,1769950090720,0
184170901,17.948,31.4,1769950090720,0
184170902,17.949,11.2,1769950090720,0
184170903,17.95,14.9,1769950090720,0
184170904,17.952,22.7,1769950090720,0
184170905,17.953,58.2,1769950090720,0
184170906,17.954,32.6,1769950090720,0
184170907,17.955,29.5,1769950090720,0
184170908,17.956,26.9,1769950090720,0
184170909,17.957,15.5,1769950090720,0
184170910,17.958,1.2,1769950090720,0
184170911,17.959,23.3,1769950090720,0
184170912,17.96,3.0,1769950090720,0
184170913,17.961,8.4,1769950090720,0
184170914,17.962,23.0,1769950090720,0
184170915,17.963,7.5,1769950090720,0
184170916,17.964,52.4,1769950090720,0
184170917,17.965,53.3,1769950090720,0
184170918,17.966,1.6,1769950090720,0
184170919,17.967,5.9,1769950090720,0
184170920,17.968,24.3,1769950090720,0
184170921,17.969,40.0,1769950090720,0
184170922,17.97,2.4,1769950090720,0
184170923,17.971,0.2,1769950090720,0
184170924,17.944,0.6,1769950090720,1
184170925,17.942,6.6,1769950090722,0
184170926,17.947,16.3,1769950090722,0
184170927,17.952,1.1,1769950090722,0
184170928,17.962,0.8,1769950090723,0
184170929,17.961,0.3,1769950090725,0
184170930,17.956,1.1,1769950090726,1
184170931,17.948,11.1,1769950090754,1
184170932,17.949,11.1,1769950090757,1
184170933,17.947,39.7,1769950090793,1
184170934,17.946,0.6,1769950090822,1
184170935,17.945,0.6,1769950090822,1
184170936,17.944,0.6,1769950090826,1
184170937,17.941,0.6,1769950090828,1
184170938,17.94,22.8,1769950090828,1
184170939,17.939,1.6,1769950090828,1
184170940,17.938,2.7,1769950090828,1
184170941,17.942,12.8,1769950090829,0
184170942,17.945,8.4,1769950090829,0
184170943,17.946,0.6,1769950090829,0
184170944,17.947,0.6,1769950090829,0
184170945,17.948,7.2,1769950090829,0
184170946,17.949,4.5,1769950090829,0
184170947,17.95,0.6,1769950090829,0
184170948,17.951,0.6,1769950090829,0
184170949,17.952,5.4,1769950090829,0
184170950,17.953,36.3,1769950090829,0
184170951,17.954,12.0,1769950090829,0
184170952,17.955,27.1,1769950090829,0
184170953,17.956,24.7,1769950090829,0
184170954,17.951,2.5,1769950090835,0
184170955,17.953,1.4,1769950090835,0
184170956,17.947,1.1,1769950090847,1
184170957,17.944,25.0,1769950090849,1
184170958,17.942,5.3,1769950090852,0
184170959,17.943,1.6,1769950090852,0
184170960,17.945,7.5,1769950090860,0
184170961,17.947,1.0,1769950090860,0
184170962,17.948,11.4,1769950090860,0
184170963,17.949,5.4,1769950090865,0
184170964,17.95,7.1,1769950090877,0
184170965,17.951,5.7,1769950090905,1
184170966,17.952,12.2,1769950090925,0
184170967,17.953,1.7,1769950090925,0
184170968,17.954,0.6,1769950090926,0
184170969,17.955,1.6,1769950090926,0
184170970,17.956,6.3,1769950090926,0
184170971,17.956,1.2,1769950090932,1
184170972,17.956,18.0,1769950090968,0
184170973,17.957,0.6,1769950090971,0
184170974,17.958,1.5,1769950090971,0
184170975,17.959,1.9,1769950090971,0
184170976,17.96,0.9,1769950090991,0
184170977,17.961,2.2,1769950090991,0
184170978,17.959,0.7,1769950090998,1
184170979,17.962,0.6,1769950091037,0
184170980,17.963,1.9,1769950091037,0
184170981,17.964,0.6,1769950091037,0
184170982,17.965,6.3,1769950091037,0
184170983,17.966,1.6,1769950091037,0
184170984,17.967,8.5,1769950091037,0
184170985,17.969,13.0,1769950091037,0
184170986,17.959,17.6,1769950091037,1
184170987,17.964,1.1,1769950091041,1
184170988,17.958,11.7,1769950091042,1
184170989,17.957,0.6,1769950091042,1
184170990,17.956,0.6,1769950091042,1
184170991,17.955,7.8,1769950091042,1
184170992,17.954,10.3,1769950091042,1
184170993,17.953,0.6,1769950091042,1
184170994,17.952,35.0,1769950091042,1
184170995,17.951,30.9,1769950091042,1
184170996,17.95,30.4,1769950091042,1
184170997,17.949,1.6,1769950091042,1
184170998,17.948,0.6,1769950091042,1
184170999,17.947,9.1,1769950091042,1
184171000,17.946,32.3,1769950091042,1
184171001,17.945,34.6,1769950091042,1
184171002,17.944,0.6,1769950091042,1
184171003,17.943,2.0,1769950091042,1
184171004,17.942,15.9,1769950091042,1
184171005,17.941,8.2,1769950091042,1
184171006,17.94,1.5,1769950091042,1
184171007,17.939,12.7,1769950091042,1
184171008,17.938,27.3,1769950091042,1
184171009,17.962,1.1,1769950091043,1
184171010,17.951,2.5,1769950091043,1
184171011,17.947,1.1,1769950091043,1
184171012,17.945,1.1,1769950091070,1
184171013,17.943,0.6,1769950091076,1
184171014,17.943,6.6,1769950091078,0
184171015,17.942,0.6,1769950091078,1
184171016,17.94,11.4,1769950091078,1
184171017,17.939,8.5,1769950091078,1
184171018,17.942,6.6,1769950091081,0
184171019,17.939,7.8,1769950091098,1
184171020,17.945,3.2,1769950091118,0
184171021,17.939,12.6,1769950091146,1
184171022,17.938,21.0,1769950091146,1
184171023,17.937,5.5,1769950091146,1
184171024,17.936,1.6,1769950091146,1
184171025,17.935,7.2,1769950091148,1
184171026,17.934,25.5,1769950091148,1
184171027,17.936,14.5,1769950091150,1
184171028,17.933,28.0,1769950091151,1
184171029,17.938,1.0,1769950091153,0
184171030,17.933,5.6,1769950091161,1
184171031,17.932,40.6,1769950091161,1
184171032,17.931,1.9,1769950091161,1
184171033,17.93,113.2,1769950091161,1
184171034,17.929,1.6,1769950091161,1
184171035,17.928,0.6,1769950091161,1
184171036,17.927,1.6,1769950091161,1
184171037,17.926,0.6,1769950091161,1
184171038,17.925,29.3,1769950091161,1
184171039,17.924,1.0,1769950091161,1
184171040,17.923,1.6,1769950091161,1
184171041,17.922,0.3,1769950091161,1
184171042,17.921,28.6,1769950091161,1
184171043,17.92,19.4,1769950091161,1
184171044,17.919,26.8,1769950091161,1
184171045,17.918,25.7,1769950091161,1
184171046,17.917,34.2,1769950091161,1
184171047,17.915,1.6,1769950091161,1
184171048,17.914,5.5,1769950091161,1
184171049,17.913,17.7,1769950091161,1
184171050,17.912,1.6,1769950091161,1
184171051,17.911,7.2,1769950091161,1
184171052,17.91,119.5,1769950091161,1
184171053,17.909,8.7,1769950091161,1
184171054,17.934,1.1,1769950091162,1
184171055,17.933,14.5,1769950091162,1
184171056,17.924,0.6,1769950091162,1
184171057,17.923,0.6,1769950091162,1
184171058,17.909,247.6,1769950091163,1
184171059,17.908,0.6,1769950091164,1
184171060,17.907,0.6,1769950091164,1
184171061,17.906,8.1,1769950091166,1
184171062,17.905,2.3,1769950091172,1
184171063,17.904,0.6,1769950091172,1
184171064,17.903,8.9,1769950091172,1
184171065,17.902,0.6,1769950091172,1
184171066,17.901,0.6,1769950091172,1
184171067,17.9,1.4,1769950091172,1
184171068,17.909,1.1,1769950091175,1
184171069,17.909,5.7,1769950091198,0
184171070,17.911,0.2,1769950091198,0
184171071,17.908,1.1,1769950091204,1
184171072,17.909,1.1,1769950091207,1
184171073,17.907,1.7,1769950091207,1
184171074,17.906,0.6,1769950091216,1
184171075,17.905,0.6,1769950091216,1
184171076,17.904,0.6,1769950091216,1
184171077,17.903,5.6,1769950091216,1
184171078,17.902,15.0,1769950091216,1
184171079,17.901,5.6,1769950091216,1
184171080,17.9,0.2,1769950091216,1
184171081,17.899,0.6,1769950091220,1
184171082,17.907,8.3,1769950091220,0
184171083,17.911,3.9,1769950091220,0
184171084,17.912,15.8,1769950091220,0
184171085,17.913,38.3,1769950091220,0
184171086,17.914,10.2,1769950091220,0
184171087,17.915,5.2,1769950091220,0
184171088,17.916,10.2,1769950091220,0
184171089,17.917,5.3,1769950091220,0
184171090,17.918,11.8,1769950091220,0
184171091,17.919,6.1,1769950091220,0
184171092,17.898,8.7,1769950091221,1
184171093,17.897,14.5,1769950091221,1
184171094,17.896,20.2,1769950091221,1
184171095,17.895,13.9,1769950091221,1
184171096,17.905,7.2,1769950091242,0
184171097,17.906,8.7,1769950091242,0
184171098,17.907,1.7,1769950091242,0
184171099,17.908,0.6,1769950091242,0
184171100,17.912,11.2,1769950091242,0
184171101,17.913,69.1,1769950091242,0
184171102,17.914,49.2,1769950091242,0
184171103,17.915,23.0,1769950091242,0
184171104,17.919,0.6,1769950091242,0
184171105,17.92,37.2,1769950091242,0
184171106,17.922,30.0,1769950091242,0
184171107,17.923,28.3,1769950091243,0
184171108,17.924,19.5,1769950091243,0
184171109,17.925,5.4,1769950091243,0
184171110,17.926,5.1,1769950091243,0
184171111,17.927,23.0,1769950091243,0
184171112,17.928,47.7,1769950091243,0
184171113,17.93,25.8,1769950091243,0
184171114,17.931,23.0,1769950091243,0
184171115,17.932,30.2,1769950091243,0
184171116,17.935,4.8,1769950091243,0
184171117,17.937,23.0,1769950091243,0
184171118,17.909,0.6,1769950091244,0
184171119,17.91,0.6,1769950091244,0
184171120,17.913,11.2,1769950091244,0
184171121,17.914,1.1,1769950091244,0
184171122,17.921,1.1,1769950091247,1
184171123,17.913,7.2,1769950091247,1
184171124,17.911,15.0,1769950091247,1
184171125,17.91,25.1,1769950091247,1
184171126,17.908,6.3,1769950091247,1
184171127,17.907,22.3,1769950091247,1
184171128,17.906,2.0,1769950091247,1
184171129,17.905,8.3,1769950091247,1
184171130,17.904,25.2,1769950091247,1
184171131,17.902,19.3,1769950091247,1
184171132,17.911,1.1,1769950091261,1
184171133,17.908,5.6,1769950091262,1
184171134,17.905,1.7,1769950091265,1
184171135,17.904,0.6,1769950091265,1
184171136,17.903,0.6,1769950091265,1
184171137,17.9,20.4,1769950091265,1
184171138,17.902,2.6,1769950091268,1
184171139,17.905,5.7,1769950091275,0
184171140,17.906,1.7,1769950091275,0
184171141,17.907,5.2,1769950091275,0
184171142,17.908,4.6,1769950091275,0
184171143,17.909,0.8,1769950091275,0
184171144,17.907,1.1,1769950091277,0
184171145,17.909,2.9,1769950091277,0
184171146,17.91,4.6,1769950091283,0
184171147,17.912,4.8,1769950091284,0
184171148,17.914,8.3,1769950091284,0
184171149,17.911,0.6,1769950091284,0
184171150,17.912,0.6,1769950091284,0
184171151,17.914,2.9,1769950091284,0
184171152,17.916,4.6,1769950091284,0
184171153,17.917,143.5,1769950091284,0
184171154,17.919,7.3,1769950091286,0
184171155,17.917,1.9,1769950091286,0
184171156,17.91,16.8,1769950091287,0
184171157,17.909,3.1,1769950091288,1
184171158,17.906,51.9,1769950091288,1
184171159,17.91,3.6,1769950091289,0
184171160,17.915,7.5,1769950091297,0
184171161,17.911,2.0,1769950091298,1
184171162,17.914,7.5,1769950091300,1
184171163,17.911,9.3,1769950091300,1
184171164,17.91,25.1,1769950091300,1
184171165,17.909,15.2,1769950091300,1
184171166,17.908,15.8,1769950091300,1
184171167,17.917,5.9,1769950091319,0
184171168,17.918,0.6,1769950091321,0
184171169,17.919,0.6,1769950091321,0
184171170,17.918,16.7,1769950091341,0
184171171,17.914,8.9,1769950091369,1
184171172,17.913,8.6,1769950091388,1
184171173,17.914,3.8,1769950091391,1
184171174,17.913,0.3,1769950091392,1
184171175,17.918,94.3,1769950091401,0
184171176,17.915,15.7,1769950091421,1
184171177,17.919,0.6,1769950091421,0
184171178,17.92,146.0,1769950091421,0
184171179,17.921,0.6,1769950091430,0
184171180,17.922,0.6,1769950091430,0
184171181,17.923,3.3,1769950091430,0
184171182,17.924,0.6,1769950091430,0
184171183,17.925,1.6,1769950091430,0
184171184,17.926,0.6,1769950091430,0
184171185,17.927,1.6,1769950091430,0
184171186,17.928,0.6,1769950091430,0
184171187,17.929,1.0,1769950091430,0
184171188,17.93,27.1,1769950091432,1
184171189,17.928,5.8,1769950091456,0
184171190,17.922,17.0,1769950091460,1
184171191,17.919,12.3,1769950091463,1
184171192,17.928,2.7,1769950091468,0
184171193,17.925,1.0,1769950091485,0
184171194,17.919,10.2,1769950091487,1
184171195,17.918,2.2,1769950091490,1
184171196,17.917,12.8,1769950091490,1
184171197,17.918,7.2,1769950091493,0
184171198,17.918,7.2,1769950091494,1
184171199,17.917,5.6,1769950091495,1
184171200,17.916,0.6,1769950091495,1
184171201,17.918,1.1,1769950091498,1
184171202,17.917,5.6,1769950091501,1
184171203,17.916,34.2,1769950091501,1
184171204,17.918,7.2,1769950091501,0
184171205,17.919,0.6,1769950091508,0
184171206,17.92,0.6,1769950091517,0
184171207,17.922,7.2,1769950091517,0
184171208,17.923,6.9,1769950091519,0
184171209,17.918,7.2,1769950091523,1
184171210,17.917,5.6,1769950091524,1
184171211,17.916,31.3,1769950091524,1
184171212,17.915,20.6,1769950091524,1
184171213,17.914,17.7,1769950091524,1
184171214,17.917,20.2,1769950091529,1
184171215,17.914,9.8,1769950091543,1
184171216,17.921,3.0,1769950091580,0
184171217,17.914,2.7,1769950091603,1
184171218,17.92,3.1,1769950091609,0
184171219,17.914,3.5,1769950091610,1
184171220,17.913,0.6,1769950091612,1
184171221,17.912,0.9,1769950091616,1
184171222,17.911,130.1,1769950091616,1
184171223,17.91,0.9,1769950091617,1
184171224,17.909,1.9,1769950091618,1
184171225,17.91,5.6,1769950091620,1
184171226,17.908,0.6,1769950091620,1
184171227,17.907,43.8,1769950091620,1
184171228,17.906,3.9,1769950091628,1
184171229,17.912,0.6,1769950091633,0
184171230,17.913,0.6,1769950091635,0
184171231,17.915,4.1,1769950091635,0
184171232,17.916,33.0,1769950091635,0
184171233,17.917,14.7,1769950091635,0
184171234,17.918,18.4,1769950091635,0
184171235,17.919,8.8,1769950091635,0
184171236,17.92,18.9,1769950091635,0
184171237,17.921,1.0,1769950091635,0
184171238,17.912,6.0,1769950091654,1
184171239,17.921,8.1,1769950091663,0
184171240,17.922,22.9,1769950091663,0
184171241,17.923,1.6,1769950091665,0
184171242,17.924,1.4,1769950091677,0
184171243,17.925,8.9,1769950091677,0
184171244,17.926,4.9,1769950091680,0
184171245,17.927,8.8,1769950091680,0
184171246,17.928,18.7,1769950091680,0
184171247,17.929,37.9,1769950091682,0
184171248,17.93,82.9,1769950091682,0
184171249,17.931,1.6,1769950091682,0
184171250,17.932,28.3,1769950091684,0
184171251,17.933,1.6,1769950091685,0
184171252,17.934,3.6,1769950091685,0
184171253,17.925,13.2,1769950091694,1
184171254,17.924,27.6,1769950091702,1
184171255,17.923,14.6,1769950091704,1
184171256,17.922,109.0,1769950091706,1
184171257,17.921,1.6,1769950091707,1
184171258,17.924,1.1,1769950091728,0
184171259,17.925,1.0,1769950091728,0
184171260,17.926,0.6,1769950091729,0
184171261,17.927,5.0,1769950091730,0
184171262,17.928,19.1,1769950091730,0
184171263,17.929,17.7,1769950091731,0
184171264,17.93,0.9,1769950091731,0
184171265,17.931,6.9,1769950091731,0
184171266,17.932,10.8,1769950091739,0
184171267,17.933,1.0,1769950091739,0
184171268,17.934,3.2,1769950091741,0
184171269,17.935,1.9,1769950091741,0
184171270,17.936,1.3,1769950091741,0
184171271,17.937,7.2,1769950091741,0
184171272,17.938,11.8,1769950091741,0
184171273,17.934,0.3,1769950091741,1
184171274,17.939,1.9,1769950091743,0
184171275,17.94,2.3,1769950091751,0
184171276,17.94,7.2,1769950091754,1
184171277,17.939,6.3,1769950091755,1
184171278,17.941,1.6,1769950091755,0
184171279,17.942,0.6,1769950091755,0
184171280,17.943,1.6,1769950091755,0
184171281,17.944,11.1,1769950091764,0
184171282,17.945,53.0,1769950091768,0
184171283,17.946,0.6,1769950091771,0
184171284,17.947,2.4,1769950091771,0
184171285,17.948,6.6,1769950091771,0
184171286,17.945,7.2,1769950091772,1
184171287,17.94,7.2,1769950091772,1
184171288,17.939,3.1,1769950091772,1
184171289,17.938,15.2,1769950091772,1
184171290,17.937,11.8,1769950091772,1
184171291,17.936,25.8,1769950091772,1
184171292,17.935,27.5,1769950091772,1
184171293,17.934,13.6,1769950091772,1
184171294,17.945,5.7,1769950091774,1
184171295,17.941,1.1,1769950091774,1
184171296,17.94,14.9,1769950091774,1
184171297,17.937,6.2,1769950091774,1
184171298,17.945,17.3,1769950091778,0
184171299,17.947,1.0,1769950091778,0
184171300,17.948,7.7,1769950091778,0
184171301,17.949,2.9,1769950091838,0
184171302,17.95,40.1,1769950091839,0
184171303,17.951,1.6,1769950091839,0
184171304,17.952,3.1,1769950091839,0
184171305,17.953,8.7,1769950091839,0
184171306,17.95,5.6,1769950091865,1
184171307,17.951,5.2,1769950091870,1
184171308,17.953,9.0,1769950091877,0
184171309,17.954,0.6,1769950091877,0
184171310,17.955,3.6,1769950091878,0
184171311,17.956,8.9,1769950091878,0
184171312,17.957,1.6,1769950091878,0
184171313,17.958,1.2,1769950091888,0
184171314,17.959,37.9,1769950091892,0
184171315,17.96,2.4,1769950091894,0
184171316,17.961,2.0,1769950091900,0
184171317,17.962,8.3,1769950091900,0
184171318,17.963,1.6,1769950091900,0
184171319,17.964,0.6,1769950091900,0
184171320,17.965,1.6,1769950091900,0
184171321,17.966,1.6,1769950091900,0
184171322,17.967,1.6,1769950091900,0
184171323,17.969,1.0,1769950091900,0
184171324,17.97,11.2,1769950091900,0
184171325,17.971,10.2,1769950091900,0
184171326,17.972,17.2,1769950091900,0
184171327,17.973,2.2,1769950091900,0
184171328,17.974,1.0,1769950091900,0
184171329,17.975,5.2,1769950091900,0
184171330,17.976,13.9,1769950091900,0
184171331,17.977,29.6,1769950091900,0
184171332,17.978,2.0,1769950091900,0
184171333,17.968,1.1,1769950091902,0
184171334,17.961,5.0,1769950091927,1
184171335,17.97,5.6,1769950091950,0
184171336,17.971,8.8,1769950091951,0
184171337,17.972,2.7,1769950091951,0
184171338,17.973,9.4,1769950091951,0
184171339,17.967,0.5,1769950091953,1
184171340,17.973,1.1,1769950091971,0
184171341,17.974,0.6,1769950091971,0
184171342,17.975,0.6,1769950091971,0
184171343,17.976,1.6,1769950091971,0
184171344,17.977,0.6,1769950091971,0
184171345,17.978,1.3,1769950091971,0
184171346,17.98,2.1,1769950091971,0
184171347,17.982,5.9,1769950091971,0
184171348,17.984,9.2,1769950091971,0
184171349,17.973,9.6,1769950091975,1
184171350,17.972,1.1,1769950091975,1
184171351,17.971,15.2,1769950091975,1
184171352,17.97,0.6,1769950091975,1
184171353,17.969,29.4,1769950091975,1
184171354,17.966,27.2,1769950091975,1
184171355,17.965,16.9,1769950091975,1
184171356,17.974,0.4,1769950092003,1
184171357,17.979,4.5,1769950092013,0
184171358,17.98,0.6,1769950092034,0
184171359,17.981,0.6,1769950092034,0
184171360,17.982,6.9,1769950092034,0
184171361,17.974,6.2,1769950092040,1
184171362,17.973,0.6,1769950092040,1
184171363,17.972,5.8,1769950092040,1
184171364,17.978,1.1,1769950092043,1
184171365,17.972,9.5,1769950092044,1
184171366,17.971,11.7,1769950092044,1
184171367,17.97,15.4,1769950092044,1
184171368,17.976,1.1,1769950092046,1
184171369,17.968,16.0,1769950092046,1
184171370,17.966,17.0,1769950092046,1
184171371,17.967,11.7,1769950092051,1
184171372,17.966,0.6,1769950092051,1
184171373,17.965,27.7,1769950092051,1
184171374,17.972,6.0,1769950092052,0
184171375,17.964,19.5,1769950092053,1
184171376,17.963,26.7,1769950092053,1
184171377,17.962,17.3,1769950092063,1
184171378,17.961,11.7,1769950092063,1
184171379,17.96,50.8,1769950092068,1
184171380,17.959,27.0,1769950092068,1
184171381,17.96,13.4,1769950092095,1
184171382,17.965,6.0,1769950092122,0
184171383,17.966,5.7,1769950092122,0
184171384,17.967,22.9,1769950092122,0
184171385,17.968,1.6,1769950092122,0
184171386,17.969,20.2,1769950092122,0
184171387,17.97,11.2,1769950092122,0
184171388,17.971,0.6,1769950092122,0
184171389,17.972,7.6,1769950092122,0
184171390,17.973,1.7,1769950092122,0
184171391,17.974,1.6,1769950092122,0
184171392,17.975,14.7,1769950092122,0
184171393,17.976,38.2,1769950092122,0
184171394,17.977,8.2,1769950092122,0
184171395,17.964,5.6,1769950092139,0
184171396,17.965,0.6,1769950092139,0
184171397,17.966,1.6,1769950092139,0
184171398,17.968,1.0,1769950092139,0
184171399,17.97,1.0,1769950092139,0
184171400,17.971,21.4,1769950092139,0
184171401,17.972,1.0,1769950092139,0
184171402,17.973,1.1,1769950092139,0
184171403,17.974,1.0,1769950092139,0
184171404,17.976,19.7,1769950092139,0
184171405,17.972,2.7,1769950092161,0
184171406,17.965,2.4,1769950092171,1
184171407,17.972,26.0,1769950092228,0
184171408,17.973,11.9,1769950092228,0
184171409,17.974,6.4,1769950092229,0
184171410,17.975,3.1,1769950092229,0
184171411,17.976,23.8,1769950092229,0
184171412,17.977,28.1,1769950092229,0
184171413,17.978,1.6,1769950092230,0
184171414,17.979,5.0,1769950092230,0
184171415,17.98,1.3,1769950092230,0
184171416,17.981,0.3,1769950092232,0
184171417,17.982,34.2,1769950092232,0
184171418,17.983,27.8,1769950092232,0
184171419,17.981,27.2,1769950092234,0
184171420,17.984,11.8,1769950092234,0
184171421,17.985,0.6,1769950092234,0
184171422,17.986,3.7,1769950092235,0
184171423,17.987,7.5,1769950092235,0
184171424,17.988,35.1,1769950092236,0
184171425,17.989,13.1,1769950092236,0
184171426,17.99,12.8,1769950092236,0
184171427,17.991,61.0,1769950092236,0
184171428,17.988,1.1,1769950092239,0
184171429,17.993,0.4,1769950092243,0
184171430,17.994,1.6,1769950092243,0
184171431,17.996,1.3,1769950092243,0
184171432,17.997,5.0,1769950092246,0
184171433,17.998,1.4,1769950092246,0
184171434,17.999,5.6,1769950092246,0
184171435,17.996,6.6,1769950092247,1
184171436,17.998,0.6,1769950092250,0
184171437,17.999,0.6,1769950092250,0
184171438,18.0,7.8,1769950092250,0
184171439,17.997,22.6,1769950092252,1
184171440,17.999,5.6,1769950092254,0
184171441,18.0,7.5,1769950092254,0
184171442,17.997,18.8,1769950092258,1
184171443,17.996,0.6,1769950092261,1
184171444,17.995,0.6,1769950092262,1
184171445,17.994,5.5,1769950092262,1
184171446,17.99,14.8,1769950092264,1
184171447,17.989,14.7,1769950092267,1
184171448,17.988,4.9,1769950092278,1
184171449,17.993,2.7,1769950092283,0
184171450,17.989,5.2,1769950092289,1
184171451,17.987,5.9,1769950092289,1
184171452,17.993,0.6,1769950092290,0
184171453,17.987,0.6,1769950092290,1
184171454,17.986,0.6,1769950092290,1
184171455,17.99,1.1,1769950092292,1
184171456,17.985,0.6,1769950092292,1
184171457,17.992,2.7,1769950092293,0
184171458,17.993,10.3,1769950092303,0
184171459,17.994,0.6,1769950092303,0
184171460,17.995,0.6,1769950092303,0
184171461,17.996,1.0,1769950092303,0
184171462,17.998,8.2,1769950092303,0
184171463,17.999,28.0,1769950092303,0
184171464,18.0,48.9,1769950092303,0
184171465,18.001,138.0,1769950092309,0
184171466,18.002,2.9,1769950092311,0
184171467,18.003,20.2,1769950092311,0
184171468,18.001,1.8,1769950092319,1
184171469,18.002,9.2,1769950092333,0
184171470,18.003,0.6,1769950092334,0
184171471,18.004,23.5,1769950092334,0
184171472,18.005,1.0,1769950092335,0
184171473,18.006,4.5,1769950092335,0
184171474,18.008,1.4,1769950092335,0
184171475,18.006,4.1,1769950092344,1
184171476,18.004,9.7,1769950092344,1
184171477,18.008,0.7,1769950092345,0
184171478,18.01,1.5,1769950092345,0
184171479,18.011,16.1,1769950092345,0
184171480,18.009,0.6,1769950092347,0
184171481,18.01,0.6,1769950092347,0
184171482,18.011,1.1,1769950092347,0
184171483,18.012,1.0,1769950092347,0
184171484,18.014,1.0,1769950092347,0
184171485,18.006,4.1,1769950092350,1
184171486,18.005,12.2,1769950092350,1
184171487,18.004,0.4,1769950092350,1
184171488,18.009,11.2,1769950092362,1
184171489,18.008,0.6,1769950092388,1
184171490,18.011,1.1,1769950092392,1
184171491,18.009,14.7,1769950092413,1
184171492,18.007,0.6,1769950092413,1
184171493,18.006,7.5,1769950092413,1
184171494,18.01,1.1,1769950092414,1
184171495,18.008,0.6,1769950092414,1
184171496,18.006,15.3,1769950092414,1
184171497,18.005,14.7,1769950092414,1
184171498,18.004,2.7,1769950092414,1
184171499,18.003,0.6,1769950092414,1
184171500,18.004,1.4,1769950092435,1
184171501,18.003,9.6,1769950092435,1
184171502,18.001,22.0,1769950092435,1
184171503,18.0,15.7,1769950092436,1
184171504,17.999,30.8,1769950092436,1
184171505,17.998,0.3,1769950092436,1
184171506,17.997,15.2,1769950092436,1
184171507,17.996,53.9,1769950092436,1
184171508,17.995,11.7,1769950092441,1
184171509,17.994,2.2,1769950092441,1
184171510,17.993,28.0,1769950092441,1
184171511,17.992,2.5,1769950092441,1
184171512,17.991,359.1,1769950092441,1
184171513,17.99,0.6,1769950092445,1
184171514,17.989,1.7,1769950092445,1
184171515,17.988,0.6,1769950092452,1
184171516,17.987,0.6,1769950092452,1
184171517,17.986,1.1,1769950092452,1
184171518,17.985,9.2,1769950092452,1
184171519,17.988,2.7,1769950092453,0
184171520,17.989,5.3,1769950092453,0
184171521,17.992,2.5,1769950092453,0
184171522,17.994,67.3,1769950092453,0
184171523,17.99,0.6,1769950092458,0
184171524,17.991,0.6,1769950092460,0
184171525,17.994,68.6,1769950092483,0
184171526,17.991,7.5,1769950092485,1
184171527,17.99,13.1,1769950092485,1
184171528,17.988,14.5,1769950092485,1
184171529,17.987,15.3,1769950092485,1
184171530,17.989,0.6,1769950092487,1
184171531,17.988,0.6,1769950092487,1
184171532,17.987,4.8,1769950092487,1
184171533,17.986,15.6,1769950092487,1
184171534,17.985,14.8,1769950092487,1
184171535,17.984,13.7,1769950092491,1
184171536,17.983,0.6,1769950092491,1
184171537,17.984,10.2,1769950092518,1
184171538,17.983,0.6,1769950092518,1
184171539,17.982,0.6,1769950092518,1
184171540,17.981,6.2,1769950092518,1
184171541,17.98,1.4,1769950092518,1
184171542,17.991,21.1,1769950092521,0
184171543,17.992,5.4,1769950092521,0
184171544,17.993,0.6,1769950092521,0
184171545,17.994,0.4,1769950092521,0
184171546,17.985,5.7,1769950092560,1
184171547,17.984,5.6,1769950092560,1
184171548,17.984,17.7,1769950092563,0
184171549,17.983,5.6,1769950092569,1
184171550,17.982,7.8,1769950092569,1
184171551,17.981,7.8,1769950092569,1
184171552,17.983,0.6,1769950092574,0
184171553,17.984,0.6,1769950092574,0
184171554,17.985,0.6,1769950092574,0
184171555,17.986,1.6,1769950092574,0
184171556,17.988,1.0,1769950092574,0
184171557,17.99,4.6,1769950092574,0
184171558,17.989,5.7,1769950092585,0
184171559,17.99,5.5,1769950092585,0
184171560,17.992,25.5,1769950092585,0
184171561,17.993,65.5,1769950092585,0
184171562,17.994,163.8,1769950092585,0
184171563,17.995,0.6,1769950092585,0
184171564,17.996,26.7,1769950092585,0
184171565,17.997,1.7,1769950092585,0
184171566,17.998,1.6,1769950092585,0
184171567,17.999,0.9,1769950092585,0
184171568,18.0,1.3,1769950092585,0
184171569,18.001,1.9,1769950092585,0
184171570,17.993,1.1,1769950092590,0
184171571,18.0,0.1,1769950092591,0
184171572,17.998,11.4,1769950092605,0
184171573,17.999,0.6,1769950092605,0
184171574,18.0,1.5,1769950092605,0
184171575,18.001,10.9,1769950092605,0
184171576,18.002,13.7,1769950092605,0
184171577,18.003,4.5,1769950092605,0
184171578,17.988,5.7,1769950092615,1
184171579,17.987,1.7,1769950092615,1
184171580,17.986,0.6,1769950092615,1
184171581,17.985,0.6,1769950092615,1
184171582,17.983,40.9,1769950092615,1
184171583,17.982,14.1,1769950092615,1
184171584,17.981,11.2,1769950092615,1
184171585,17.98,7.9,1769950092615,1
184171586,17.996,7.2,1769950092624,0
184171587,17.997,5.6,1769950092624,0
184171588,17.998,0.6,1769950092624,0
184171589,17.999,15.0,1769950092624,0
184171590,17.996,1.1,1769950092645,0
184171591,17.998,9.7,1769950092645,0
184171592,17.999,0.6,1769950092657,0
184171593,18.0,1.6,1769950092657,0
184171594,18.001,0.1,1769950092684,0
184171595,17.999,5.4,1769950092684,1
184171596,18.0,5.7,1769950092688,1
184171597,17.998,21.7,1769950092689,1
184171598,18.0,5.6,1769950092691,1
184171599,17.998,60.8,1769950092691,1
184171600,17.997,0.1,1769950092693,1
184171601,18.0,3.0,1769950092695,0
184171602,17.997,0.5,1769950092697,1
184171603,17.996,0.6,1769950092697,1
184171604,17.995,0.6,1769950092697,1
184171605,17.992,3.2,1769950092697,1
184171606,17.992,6.0,1769950092703,0
184171607,17.996,1.1,1769950092726,0
184171608,17.999,11.0,1769950092726,0
184171609,18.0,4.2,1769950092726,0
184171610,18.001,7.7,1769950092726,0
184171611,18.002,1.6,1769950092726,0
184171612,18.003,0.6,1769950092726,0
184171613,18.004,6.8,1769950092726,0
184171614,18.005,17.0,1769950092726,0
184171615,18.0,0.6,1769950092741,0
184171616,18.004,1.1,1769950092745,1
184171617,18.004,7.2,1769950092774,0
184171618,18.006,0.8,1769950092774,0
184171619,18.004,3.3,1769950092785,0
184171620,18.006,2.3,1769950092785,0
184171621,18.005,0.6,1769950092796,0
184171622,18.006,10.4,1769950092796,0
184171623,18.007,0.9,1769950092798,0
184171624,18.008,7.8,1769950092798,0
184171625,18.007,7.2,1769950092807,1
184171626,18.006,14.4,1769950092807,1
184171627,18.005,0.6,1769950092808,1
184171628,18.004,22.3,1769950092808,1
184171629,18.009,0.6,1769950092824,0
184171630,18.01,1.9,1769950092824,0
184171631,18.011,1.2,1769950092824,0
184171632,18.012,1.6,1769950092824,0
184171633,18.013,13.1,1769950092824,0
184171634,18.014,3.4,1769950092824,0
184171635,18.015,1.2,1769950092824,0
184171636,18.016,16.4,1769950092824,0
184171637,18.017,26.5,1769950092824,0
184171638,18.018,1.6,1769950092824,0
184171639,18.019,0.4,1769950092824,0
184171640,18.02,3.1,1769950092824,0
184171641,18.021,22.2,1769950092824,0
184171642,18.022,28.1,1769950092824,0
184171643,18.024,10.9,1769950092824,0
184171644,18.01,0.4,1769950092826,0
184171645,18.007,11.2,1769950092859,1
184171646,18.006,0.6,1769950092865,1
184171647,18.005,0.6,1769950092865,1
184171648,18.004,10.9,1769950092865,1
184171649,18.003,25.8,1769950092865,1
184171650,18.002,0.6,1769950092865,1
184171651,18.001,5.5,1769950092865,1
184171652,18.0,0.6,1769950092865,1
184171653,17.999,0.6,1769950092865,1
184171654,17.998,27.6,1769950092865,1
184171655,17.996,0.3,1769950092865,1
184171656,17.995,30.1,1769950092865,1
184171657,17.994,0.6,1769950092865,1
184171658,17.993,22.4,1769950092865,1
184171659,17.992,13.8,1769950092865,1
184171660,17.991,1.8,1769950092865,1
184171661,18.007,1.7,1769950092867,1
184171662,18.004,0.6,1769950092904,0
184171663,18.005,11.6,1769950092904,0
184171664,18.008,14.7,1769950092905,0
184171665,18.011,0.6,1769950092907,0
184171666,18.012,1.7,1769950092907,0
184171667,18.013,0.6,1769950092907,0
184171668,18.014,0.6,1769950092907,0
184171669,18.015,0.6,1769950092937,0
184171670,18.016,1.6,1769950092937,0
184171671,18.017,0.6,1769950092937,0
184171672,18.018,0.8,1769950092937,0
184171673,18.016,0.4,1769950092974,0
184171674,18.017,0.6,1769950092974,0
184171675,18.018,2.8,1769950092974,0
184171676,18.019,1.0,1769950092974,0
184171677,18.02,0.6,1769950092987,0
184171678,18.021,0.6,1769950092987,0
184171679,18.022,6.3,1769950092987,0
184171680,18.023,0.3,1769950092998,0
184171681,18.024,1.0,1769950092998,0
184171682,18.02,1.1,1769950093001,1
184171683,18.016,3.3,1769950093001,1
184171684,18.025,6.2,1769950093023,0
184171685,18.021,5.5,1769950093045,1
184171686,18.02,6.0,1769950093045,1
184171687,18.019,0.6,1769950093045,1
184171688,18.018,3.6,1769950093045,1
184171689,18.02,2.1,1769950093051,1
184171690,18.018,2.7,1769950093051,1
184171691,18.017,15.0,1769950093051,1
184171692,18.016,8.0,1769950093051,1
184171693,18.015,19.0,1769950093051,1
184171694,18.014,18.5,1769950093051,1
184171695,18.013,29.2,1769950093051,1
184171696,18.012,7.4,1769950093051,1
184171697,18.011,12.1,1769950093051,1
184171698,18.01,1.9,1769950093052,1
184171699,18.021,0.8,1769950093061,0
184171700,18.011,5.6,1769950093074,1
184171701,18.01,0.6,1769950093078,1
184171702,18.022,3.0,1769950093100,0
184171703,18.011,2.3,1769950093109,1
184171704,18.022,4.2,1769950093109,0
184171705,18.023,34.1,1769950093109,0
184171706,18.023,20.8,1769950093122,1
184171707,18.02,1.1,1769950093125,1
184171708,18.019,0.6,1769950093125,1
184171709,18.018,1.6,1769950093125,1
184171710,18.016,1.0,1769950093125,1
184171711,18.014,15.6,1769950093125,1
184171712,18.012,2.6,1769950093129,1
184171713,18.014,14.2,1769950093135,1
184171714,18.012,13.4,1769950093135,1
184171715,18.011,9.3,1769950093135,1
184171716,18.01,40.3,1769950093135,1
184171717,18.009,3.2,1769950093135,1
184171718,18.013,0.6,1769950093151,1
184171719,18.012,6.2,1769950093151,1
184171720,18.011,14.4,1769950093151,1
184171721,18.01,6.6,1769950093151,1
184171722,18.009,17.5,1769950093151,1
184171723,18.008,2.6,1769950093151,1
184171724,18.007,0.6,1769950093151,1
184171725,18.006,12.1,1769950093151,1
184171726,18.005,41.5,1769950093151,1
184171727,18.004,13.7,1769950093151,1
184171728,18.003,5.8,1769950093151,1
184171729,18.002,34.5,1769950093151,1
184171730,18.001,5.8,1769950093151,1
184171731,18.0,27.0,1769950093151,1
184171732,17.999,5.5,1769950093151,1
184171733,17.998,20.6,1769950093151,1
184171734,18.021,5.3,1769950093152,0
184171735,18.02,6.1,1769950093153,0
184171736,18.021,7.6,1769950093153,0
184171737,18.022,0.5,1769950093153,0
184171738,18.011,0.6,1769950093154,1
184171739,18.01,0.6,1769950093154,1
184171740,18.009,1.1,1769950093154,1
184171741,18.011,5.7,1769950093156,1
184171742,18.008,0.3,1769950093156,1
184171743,18.013,18.5,1769950093158,0
184171744,18.014,11.3,1769950093228,1
184171745,18.013,20.4,1769950093228,1
184171746,18.012,21.4,1769950093229,1
184171747,18.011,19.7,1769950093229,1
184171748,18.01,15.9,1769950093229,1
184171749,18.009,0.6,1769950093229,1
184171750,18.008,26.7,1769950093229,1
184171751,18.007,13.7,1769950093229,1
184171752,18.006,11.5,1769950093229,1
184171753,18.007,7.5,1769950093231,1
184171754,18.006,10.5,1769950093231,1
184171755,18.02,5.7,1769950093235,0
184171756,18.021,27.6,1769950093235,0
184171757,18.011,5.7,1769950093248,1
184171758,18.01,1.5,1769950093248,1
184171759,18.022,41.8,1769950093262,0
184171760,18.023,0.6,1769950093268,0
184171761,18.024,160.9,1769950093269,0
184171762,18.025,0.9,1769950093269,0
184171763,18.026,150.3,1769950093269,0
184171764,18.027,1.0,1769950093269,0
184171765,18.028,3.0,1769950093269,0
184171766,18.029,37.1,1769950093269,0
184171767,18.03,4.9,1769950093269,0
184171768,18.031,0.6,1769950093269,0
184171769,18.032,9.3,1769950093269,0
184171770,18.033,23.3,1769950093269,0
184171771,18.034,22.0,1769950093270,0
184171772,18.035,21.9,1769950093270,0
184171773,18.036,34.2,1769950093270,0
184171774,18.037,3.3,1769950093270,0
184171775,18.038,29.2,1769950093270,0
184171776,18.039,5.8,1769950093270,0
184171777,18.04,11.7,1769950093270,0
184171778,18.041,0.6,1769950093271,0
184171779,18.042,1.9,1769950093278,0
184171780,18.043,9.8,1769950093278,0
184171781,18.044,19.6,1769950093280,0
184171782,18.041,15.4,1769950093285,1
184171783,18.04,8.3,1769950093285,1
184171784,18.039,0.6,1769950093285,1
184171785,18.038,0.6,1769950093285,1
184171786,18.037,2.8,1769950093285,1
184171787,18.043,1.4,1769950093298,1
184171788,18.042,10.2,1769950093307,1
184171789,18.043,5.5,1769950093333,1
184171790,18.042,13.7,1769950093362,1
184171791,18.041,16.7,1769950093362,1
184171792,18.04,32.8,1769950093362,1
184171793,18.041,0.4,1769950093365,1
184171794,18.039,0.6,1769950093373,1
184171795,18.038,1.2,1769950093373,1
184171796,18.038,0.5,1769950093391,0
184171797,18.04,0.6,1769950093395,0
184171798,18.039,29.2,1769950093396,1
184171799,18.041,0.6,1769950093409,0
184171800,18.042,14.3,1769950093409,0
184171801,18.043,0.6,1769950093409,0
184171802,18.044,1.0,1769950093409,0
184171803,18.045,11.8,1769950093409,0
184171804,18.046,40.4,1769950093409,0
184171805,18.047,7.9,1769950093409,0
184171806,18.048,2.0,1769950093409,0
184171807,18.049,132.1,1769950093409,0
184171808,18.05,0.9,1769950093410,0
184171809,18.051,1.0,1769950093410,0
184171810,18.052,6.5,1769950093410,0
184171811,18.053,0.9,1769950093411,0
184171812,18.054,16.1,1769950093411,0
184171813,18.055,18.7,1769950093411,0
184171814,18.056,13.9,1769950093411,0
184171815,18.05,7.2,1769950093411,1
184171816,18.049,23.5,1769950093411,1
184171817,18.054,0.6,1769950093412,0
184171818,18.055,0.6,1769950093412,0
184171819,18.057,11.0,1769950093412,0
184171820,18.058,24.6,1769950093412,0
184171821,18.053,11.1,1769950093412,0
184171822,18.059,7.4,1769950093412,0
184171823,18.06,16.2,1769950093412,0
184171824,18.062,17.5,1769950093413,0
184171825,18.064,12.1,1769950093413,0
184171826,18.065,0.6,1769950093413,0
184171827,18.066,1.0,1769950093413,0
184171828,18.067,8.1,1769950093413,0
184171829,18.068,1.4,1769950093413,0
184171830,18.07,1.8,1769950093414,0
184171831,18.071,0.6,1769950093414,0
184171832,18.072,0.8,1769950093414,0
184171833,18.073,25.1,1769950093414,0
184171834,18.074,1.0,1769950093414,0
184171835,18.075,1.1,1769950093414,0
184171836,18.076,3.4,1769950093414,0
184171837,18.077,28.2,1769950093414,0
184171838,18.078,65.8,1769950093414,0
184171839,18.079,32.6,1769950093414,0
184171840,18.08,1.8,1769950093414,0
184171841,18.081,0.8,1769950093414,0
184171842,18.082,30.5,1769950093414,0
184171843,18.083,28.9,1769950093414,0
184171844,18.084,3.7,1769950093414,0
184171845,18.085,3.7,1769950093414,0
184171846,18.086,3.7,1769950093414,0
184171847,18.087,3.7,1769950093414,0
184171848,18.088,5.8,1769950093414,0
184171849,18.089,3.7,1769950093414,0
184171850,18.09,16.8,1769950093414,0
184171851,18.091,5.1,1769950093414,0
184171852,18.092,28.1,1769950093414,0
184171853,18.093,38.5,1769950093414,0
184171854,18.094,6.5,1769950093414,0
184171855,18.095,26.0,1769950093414,0
184171856,18.096,28.6,1769950093414,0
184171857,18.097,38.2,1769950093414,0
184171858,18.098,26.0,1769950093414,0
184171859,18.099,1.8,1769950093414,0
184171860,18.1,25.3,1769950093414,0
184171861,18.103,1.9,1769950093414,0
184171862,18.104,27.9,1769950093414,0
184171863,18.105,4.0,1769950093414,0
184171864,18.106,50.3,1769950093414,0
184171865,18.107,0.7,1769950093414,0
184171866,18.108,41.8,1769950093414,0
184171867,18.109,21.1,1769950093414,0
184171868,18.11,34.4,1769950093414,0
184171869,18.111,24.0,1769950093414,0
184171870,18.112,43.8,1769950093414,0
184171871,18.114,9.4,1769950093414,0
184171872,18.115,27.7,1769950093414,0
184171873,18.116,3.5,1769950093414,0
184171874,18.117,46.0,1769950093414,0
184171875,18.118,45.4,1769950093414,0
184171876,18.074,1.6,1769950093416,0
184171877,18.09,1.1,1769950093416,0
184171878,18.104,0.3,1769950093418,0
184171879,18.103,9.3,1769950093418,1
184171880,18.098,4.5,1769950093419,1
184171881,18.103,30.0,1769950093421,0
184171882,18.104,6.0,1769950093421,0
184171883,18.105,4.5,1769950093421,0
184171884,18.109,9.0,1769950093421,0
184171885,18.117,76.3,1769950093421,0
184171886,18.101,6.1,1769950093424,1
184171887,18.1,0.6,1769950093424,1
184171888,18.097,31.6,1769950093424,1
184171889,18.101,5.6,1769950093427,1
184171890,18.097,12.2,1769950093427,1
184171891,18.104,1.7,1769950093429,0
184171892,18.105,0.6,1769950093429,0
184171893,18.1,0.4,1769950093440,1
184171894,18.098,0.6,1769950093440,1
184171895,18.099,0.6,1769950093444,1
184171896,18.098,0.5,1769950093444,1
184171897,18.099,9.0,1769950093449,0
184171898,18.098,3.5,1769950093450,1
184171899,18.097,0.6,1769950093456,1
184171900,18.096,0.6,1769950093456,1
184171901,18.095,0.6,1769950093456,1
184171902,18.093,7.7,1769950093456,1
184171903,18.091,5.5,1769950093457,1
184171904,18.089,12.4,1769950093457,1
184171905,18.086,13.4,1769950093457,1
184171906,18.094,1.1,1769950093461,1
184171907,18.095,5.7,1769950093462,0
184171908,18.096,18.3,1769950093462,0
184171909,18.097,12.6,1769950093462,0
184171910,18.095,7.2,1769950093462,1
184171911,18.096,2.2,1769950093462,0
184171912,18.097,3.3,1769950093462,0
184171913,18.098,14.1,1769950093462,0
184171914,18.098,3.2,1769950093464,1
184171915,18.095,18.0,1769950093467,1
184171916,18.099,11.1,1769950093471,0
184171917,18.1,10.6,1769950093472,0
184171918,18.101,0.6,1769950093472,0
184171919,18.102,8.5,1769950093472,0
184171920,18.099,0.6,1769950093477,1
184171921,18.098,0.6,1769950093480,1
184171922,18.094,3.2,1769950093480,1
184171923,18.1,5.1,1769950093481,0
184171924,18.101,7.9,1769950093481,0
184171925,18.101,2.4,1769950093483,1
184171926,18.102,16.5,1769950093484,0
184171927,18.103,14.8,1769950093485,0
184171928,18.104,0.6,1769950093485,0
184171929,18.105,129.7,1769950093485,0
184171930,18.101,3.3,1769950093486,1
184171931,18.096,0.6,1769950093486,1
184171932,18.095,0.6,1769950093486,1
184171933,18.094,19.1,1769950093495,1
184171934,18.093,1.7,1769950093495,1
184171935,18.092,28.2,1769950093495,1
184171936,18.09,16.6,1769950093495,1
184171937,18.089,1.8,1769950093495,1
184171938,18.088,14.0,1769950093495,1
184171939,18.086,22.6,1769950093495,1
184171940,18.085,3.0,1769950093495,1
184171941,18.084,4.9,1769950093495,1
184171942,18.083,0.6,1769950093495,1
184171943,18.082,18.2,1769950093495,1
184171944,18.081,27.0,1769950093495,1
184171945,18.099,0.6,1769950093495,0
184171946,18.104,6.3,1769950093495,0
184171947,18.105,11.8,1769950093495,0
184171948,18.106,0.6,1769950093495,0
184171949,18.107,0.6,1769950093495,0
184171950,18.109,1.7,1769950093495,0
184171951,18.092,1.1,1769950093499,1
184171952,18.091,6.3,1769950093501,1
184171953,18.091,12.2,1769950093503,0
184171954,18.092,9.2,1769950093503,0
184171955,18.09,1.1,1769950093517,1
184171956,18.089,0.6,1769950093517,1
184171957,18.088,0.6,1769950093517,1
184171958,18.084,5.5,1769950093517,1
184171959,18.083,11.0,1769950093523,1
184171960,18.081,30.1,1769950093524,1
184171961,18.08,32.6,1769950093525,1
184171962,18.079,4.9,1769950093525,1
184171963,18.084,5.5,1769950093526,1
184171964,18.081,0.6,1769950093526,1
184171965,18.08,0.6,1769950093528,1
184171966,18.08,2.7,1769950093532,0
184171967,18.074,6.4,1769950093535,1
184171968,18.073,27.7,1769950093539,1
184171969,18.074,2.7,1769950093541,0
184171970,18.074,6.5,1769950093551,1
184171971,18.077,20.8,1769950093559,0
184171972,18.076,2.7,1769950093560,0
184171973,18.077,13.6,1769950093564,0
184171974,18.079,2.7,1769950093565,0
184171975,18.075,24.6,1769950093571,1
184171976,18.074,8.4,1769950093572,1
184171977,18.078,0.6,1769950093585,0
184171978,18.079,0.4,1769950093585,0
184171979,18.08,134.3,1769950093585,0
184171980,18.082,0.6,1769950093587,0
184171981,18.083,0.6,1769950093587,0
184171982,18.084,0.6,1769950093587,0
184171983,18.085,0.6,1769950093587,0
184171984,18.087,14.2,1769950093587,0
184171985,18.079,5.5,1769950093601,1
184171986,18.078,7.4,1769950093601,1
184171987,18.077,13.4,1769950093601,1
184171988,18.076,4.6,1769950093601,1
184171989,18.077,1.0,1769950093637,1
184171990,18.084,12.4,1769950093655,0
184171991,18.085,15.4,1769950093655,0
184171992,18.087,25.7,1769950093655,0
184171993,18.088,6.9,1769950093655,0
184171994,18.089,0.9,1769950093655,0
184171995,18.09,0.6,1769950093655,0
184171996,18.092,22.2,1769950093655,0
184171997,18.093,7.2,1769950093655,0
184171998,18.094,42.2,1769950093655,0
184171999,18.095,16.1,1769950093655,0
184172000,18.096,15.5,1769950093655,0
184172001,18.098,33.4,1769950093655,0
184172002,18.099,11.1,1769950093655,0
184172003,18.1,0.6,1769950093655,0
184172004,18.101,33.1,1769950093655,0
184172005,18.102,11.0,1769950093655,0
184172006,18.103,11.0,1769950093655,0
184172007,18.104,11.0,1769950093655,0
184172008,18.105,30.1,1769950093655,0
184172009,18.106,25.1,1769950093655,0
184172010,18.107,7.0,1769950093655,0
184172011,18.108,0.6,1769950093655,0
184172012,18.109,7.8,1769950093655,0
184172013,18.11,44.9,1769950093655,0
184172014,18.111,8.6,1769950093655,0
184172015,18.112,25.6,1769950093655,0
184172016,18.09,1.1,1769950093657,0
184172017,18.091,0.6,1769950093657,0
184172018,18.092,1.6,1769950093657,0
184172019,18.094,1.0,1769950093658,0
184172020,18.097,3.7,1769950093680,1
184172021,18.105,0.4,1769950093692,0
184172022,18.097,32.7,1769950093697,1
184172023,18.097,4.7,1769950093724,0
184172024,18.1,1.5,1769950093769,0
184172025,18.097,15.4,1769950093774,1
184172026,18.096,9.0,1769950093774,1
184172027,18.095,3.3,1769950093774,1
184172028,18.1,0.1,1769950093775,0
184172029,18.101,14.2,1769950093775,0
184172030,18.102,1.0,1769950093775,0
184172031,18.103,11.7,1769950093775,0
184172032,18.102,0.6,1769950093782,0
184172033,18.103,12.6,1769950093782,0
184172034,18.104,12.0,1769950093782,0
184172035,18.105,19.2,1769950093782,0
184172036,18.106,26.7,1769950093782,0
184172037,18.107,0.6,1769950093782,0
184172038,18.108,1.9,1769950093782,0
184172039,18.109,22.6,1769950093782,0
184172040,18.11,17.0,1769950093782,0
184172041,18.111,8.2,1769950093782,0
184172042,18.112,14.5,1769950093782,0
184172043,18.113,21.1,1769950093782,0
184172044,18.114,20.4,1769950093782,0
184172045,18.097,60.2,1769950093787,1
184172046,18.105,0.6,1769950093817,0
184172047,18.104,2.8,1769950093851,0
184172048,18.098,11.1,1769950093860,1
184172049,18.097,0.1,1769950093860,1
184172050,18.098,5.5,1769950093862,1
184172051,18.097,42.4,1769950093862,1
184172052,18.103,5.0,1769950093873,0
184172053,18.098,41.5,1769950093879,1
184172054,18.097,0.6,1769950093894,1
184172055,18.096,7.2,1769950093894,1
184172056,18.095,27.8,1769950093894,1
184172057,18.098,34.8,1769950093904,1
184172058,18.094,15.1,1769950093917,1
184172059,18.093,0.6,1769950093917,1
184172060,18.092,15.5,1769950093917,1
184172061,18.101,0.9,1769950093926,0
184172062,18.098,8.6,1769950093949,0
184172063,18.1,1.0,1769950093949,0
184172064,18.101,8.6,1769950093949,0
184172065,18.096,1.7,1769950093956,1
184172066,18.099,0.6,1769950093960,0
184172067,18.1,8.0,1769950093960,0
184172068,18.102,1.6,1769950093960,0
184172069,18.103,13.1,1769950093960,0
184172070,18.104,6.0,1769950093960,0
184172071,18.105,18.7,1769950093960,0
184172072,18.106,1.6,1769950093960,0
184172073,18.107,14.3,1769950093960,0
184172074,18.107,39.4,1769950093963,1
184172075,18.107,6.3,1769950093967,0
184172076,18.101,8.3,1769950093994,0
184172077,18.102,0.6,1769950093994,0
184172078,18.103,0.6,1769950093994,0
184172079,18.104,1.0,1769950093994,0
184172080,18.105,0.6,1769950093994,0
184172081,18.106,1.6,1769950093994,0
184172082,18.108,9.1,1769950093994,0
184172083,18.109,0.6,1769950093994,0
184172084,18.11,1.6,1769950093994,0
184172085,18.111,0.9,1769950093994,0
184172086,18.112,2.7,1769950093994,0
184172087,18.113,0.9,1769950093994,0
184172088,18.114,23.6,1769950093994,0
184172089,18.115,14.3,1769950093994,0
184172090,18.116,45.6,1769950093994,0
184172091,18.117,23.2,1769950093994,0
184172092,18.118,12.5,1769950093994,0
184172093,18.119,25.1,1769950093994,0
184172094,18.12,16.3,1769950093994,0
184172095,18.121,10.6,1769950093994,0
184172096,18.122,1.0,1769950093994,0
184172097,18.123,11.0,1769950093994,0
184172098,18.124,26.2,1769950093994,0
184172099,18.125,27.9,1769950093994,0
184172100,18.126,5.9,1769950093994,0
184172101,18.127,25.1,1769950093994,0
184172102,18.128,2.0,1769950093994,0
184172103,18.129,33.0,1769950093994,0
184172104,18.13,29.8,1769950093994,0
184172105,18.131,19.6,1769950093994,0
184172106,18.132,7.0,1769950093994,0
184172107,18.133,24.8,1769950093994,0
184172108,18.134,25.8,1769950093994,0
184172109,18.135,29.5,1769950093994,0
184172110,18.136,27.4,1769950093994,0
184172111,18.137,28.8,1769950093994,0
184172112,18.138,4.7,1769950093994,0
184172113,18.139,5.4,1769950093994,0
184172114,18.14,22.6,1769950093994,0
184172115,18.141,49.1,1769950093994,0
184172116,18.142,12.8,1769950093994,0
184172117,18.143,29.9,1769950093994,0
184172118,18.144,27.2,1769950093994,0
184172119,18.145,34.4,1769950093994,0
184172120,18.146,5.8,1769950093994,0
184172121,18.147,4.2,1769950093994,0
184172122,18.148,29.8,1769950093994,0
184172123,18.149,8.6,1769950093994,0
184172124,18.15,64.7,1769950093994,0
184172125,18.151,47.5,1769950093994,0
184172126,18.152,17.1,1769950093994,0
184172127,18.153,26.2,1769950093994,0
184172128,18.154,27.4,1769950093994,0
184172129,18.155,26.3,1769950093994,0
184172130,18.156,33.0,1769950093994,0
184172131,18.158,1.3,1769950093994,0
184172132,18.1,10.6,1769950093995,1
184172133,18.129,1.1,1769950093997,0
184172134,18.13,2.4,1769950093997,0
184172135,18.135,2.8,1769950093997,0
184172136,18.137,3.5,1769950093998,0
184172137,18.143,3.2,1769950094001,1
184172138,18.141,1.1,1769950094005,1
184172139,18.139,1.1,1769950094007,1
184172140,18.137,4.0,1769950094007,1
184172141,18.136,2.1,1769950094007,1
184172142,18.14,6.1,1769950094008,0
184172143,18.136,7.2,1769950094009,1
184172144,18.135,0.6,1769950094022,1
184172145,18.134,0.6,1769950094022,1
184172146,18.131,18.0,1769950094022,1
184172147,18.132,1.1,1769950094031,1
184172148,18.135,4.1,1769950094036,0
184172149,18.137,0.5,1769950094038,0
184172150,18.138,0.6,1769950094042,0
184172151,18.139,0.6,1769950094042,0
184172152,18.141,11.0,1769950094042,0
184172153,18.142,7.5,1769950094042,0
184172154,18.143,7.2,1769950094042,0
184172155,18.144,12.3,1769950094042,0
184172156,18.145,0.6,1769950094042,0
184172157,18.146,8.8,1769950094042,0
184172158,18.14,1.1,1769950094045,1
184172159,18.138,7.2,1769950094045,1
184172160,18.137,42.0,1769950094045,1
184172161,18.141,7.2,1769950094046,1
184172162,18.14,7.2,1769950094046,1
184172163,18.137,8.3,1769950094046,1
184172164,18.141,0.5,1769950094048,1
184172165,18.139,26.3,1769950094049,1
184172166,18.136,2.6,1769950094049,1
184172167,18.135,7.2,1769950094061,1
184172168,18.134,25.2,1769950094061,1
184172169,18.133,4.7,1769950094061,1
184172170,18.134,0.6,1769950094065,1
184172171,18.133,3.1,1769950094065,1
184172172,18.132,9.9,1769950094065,1
184172173,18.131,11.6,1769950094065,1
184172174,18.13,17.1,1769950094065,1
184172175,18.129,38.5,1769950094065,1
184172176,18.128,11.6,1769950094065,1
184172177,18.127,1.8,1769950094065,1
184172178,18.126,10.7,1769950094065,1
184172179,18.125,2.4,1769950094065,1
184172180,18.124,6.6,1769950094065,1
184172181,18.123,13.0,1769950094065,1
184172182,18.12,22.5,1769950094066,1
184172183,18.118,0.6,1769950094066,1
184172184,18.117,13.6,1769950094067,1
184172185,18.116,1.0,1769950094067,1
184172186,18.115,20.3,1769950094067,1
184172187,18.113,27.7,1769950094067,1
184172188,18.112,32.1,1769950094067,1
184172189,18.118,25.5,1769950094068,0
184172190,18.122,50.7,1769950094068,0
184172191,18.112,13.3,1769950094068,1
184172192,18.111,5.0,1769950094068,1
184172193,18.11,1.2,1769950094068,1
184172194,18.109,1.1,1769950094068,1
184172195,18.108,3.6,1769950094068,1
184172196,18.107,40.7,1769950094068,1
184172197,18.105,2.6,1769950094068,1
184172198,18.104,1.0,1769950094068,1
184172199,18.103,25.8,1769950094068,1
184172200,18.102,28.0,1769950094068,1
184172201,18.111,13.9,1769950094068,1
184172202,18.107,1.5,1769950094068,1
184172203,18.101,15.9,1769950094068,1
184172204,18.1,26.1,1769950094068,1
184172205,18.121,5.5,1769950094068,1
184172206,18.099,28.3,1769950094068,1
184172207,18.117,8.9,1769950094069,0
184172208,18.121,15.4,1769950094069,0
184172209,18.119,25.5,1769950094069,1
184172210,18.116,7.5,1769950094071,1
184172211,18.12,7.5,1769950094071,1
184172212,18.119,7.5,1769950094071,1
184172213,18.112,1.1,1769950094071,1
184172214,18.108,3.2,1769950094072,1
184172215,18.11,1.1,1769950094075,1
184172216,18.111,1.8,1769950094081,0
184172217,18.114,1.1,1769950094085,0
184172218,18.118,0.6,1769950094087,0
184172219,18.12,16.0,1769950094093,1
184172220,18.119,0.6,1769950094097,1
184172221,18.118,0.6,1769950094097,1
184172222,18.115,11.0,1769950094097,1
184172223,18.11,5.5,1769950094101,1
184172224,18.109,1.1,1769950094101,1
184172225,18.108,0.6,1769950094101,1
184172226,18.107,0.6,1769950094101,1
184172227,18.106,7.2,1769950094101,1
184172228,18.102,4.1,1769950094101,1
184172229,18.11,3.4,1769950094102,1
184172230,18.101,0.6,1769950094102,1
184172231,18.1,0.6,1769950094102,1
184172232,18.099,3.7,1769950094102,1
184172233,18.116,1.1,1769950094104,0
184172234,18.118,1.1,1769950094104,0
184172235,18.111,1.1,1769950094105,1
184172236,18.106,0.6,1769950094105,1
184172237,18.111,1.1,1769950094115,0
184172238,18.114,1.8,1769950094115,0
184172239,18.115,4.1,1769950094115,0
184172240,18.118,18.5,1769950094115,0
184172241,18.119,15.1,1769950094115,0
184172242,18.113,6.6,1769950094129,0
184172243,18.117,8.4,1769950094129,0
184172244,18.118,9.8,1769950094129,0
184172245,18.119,7.5,1769950094129,0
184172246,18.12,11.8,1769950094129,0
184172247,18.114,0.9,1769950094131,0
184172248,18.11,10.4,1769950094145,1
184172249,18.109,6.3,1769950094145,1
184172250,18.108,0.6,1769950094151,1
184172251,18.106,4.7,1769950094151,1
184172252,18.105,5.5,1769950094153,1
184172253,18.104,0.6,1769950094153,1
184172254,18.103,0.6,1769950094190,1
184172255,18.102,33.7,1769950094190,1
184172256,18.101,0.6,1769950094190,1
184172257,18.1,1.2,1769950094190,1
184172258,18.098,0.6,1769950094190,1
184172259,18.097,5.5,1769950094190,1
184172260,18.096,6.1,1769950094192,1
184172261,18.095,40.2,1769950094192,1
184172262,18.094,1.7,1769950094192,1
184172263,18.096,0.6,1769950094194,1
184172264,18.093,2.3,1769950094194,1
184172265,18.092,16.6,1769950094194,1
184172266,18.099,1.1,1769950094209,0
184172267,18.103,1.5,1769950094211,0
184172268,18.104,120.1,1769950094212,0
184172269,18.105,0.6,1769950094213,0
184172270,18.106,0.5,1769950094213,0
184172271,18.103,6.8,1769950094259,1
184172272,18.102,1.0,1769950094259,1
184172273,18.101,6.7,1769950094259,1
184172274,18.1,13.2,1769950094259,1
184172275,18.098,1.6,1769950094259,1
184172276,18.097,10.3,1769950094259,1
184172277,18.096,1.0,1769950094260,1
184172278,18.099,0.3,1769950094283,0
184172279,18.097,16.1,1769950094296,1
184172280,18.096,21.4,1769950094309,1
184172281,18.095,0.6,1769950094309,1
184172282,18.094,2.7,1769950094309,1
184172283,18.093,3.4,1769950094309,1
184172284,18.092,1.6,1769950094309,1
184172285,18.091,1.7,1769950094309,1
184172286,18.09,7.1,1769950094309,1
184172287,18.089,17.1,1769950094309,1
184172288,18.088,6.9,1769950094309,1
184172289,18.087,22.0,1769950094309,1
184172290,18.086,17.5,1769950094309,1
184172291,18.085,0.9,1769950094309,1
184172292,18.093,0.4,1769950094311,1
184172293,18.097,1.1,1769950094316,0
184172294,18.098,7.2,1769950094323,1
184172295,18.097,1.3,1769950094329,1
184172296,18.096,1.6,1769950094359,1
184172297,18.095,5.5,1769950094359,1
184172298,18.094,4.8,1769950094359,1
184172299,18.103,6.1,1769950094367,0
184172300,18.104,0.6,1769950094367,0
184172301,18.105,1.6,1769950094367,0
184172302,18.106,7.2,1769950094370,0
184172303,18.107,4.4,1769950094377,0
184172304,18.108,0.6,1769950094377,0
184172305,18.109,2.1,1769950094388,0
184172306,18.11,134.5,1769950094388,0
184172307,18.111,0.9,1769950094413,0
184172308,18.112,0.9,1769950094413,0
184172309,18.113,1.6,1769950094413,0
184172310,18.114,1.4,1769950094413,0
184172311,18.115,4.1,1769950094420,0
184172312,18.116,0.6,1769950094422,0
184172313,18.115,7.2,1769950094422,1
184172314,18.114,23.0,1769950094422,1
184172315,18.116,7.2,1769950094430,1
184172316,18.115,8.3,1769950094430,1
184172317,18.114,7.2,1769950094430,1
184172318,18.113,7.2,1769950094430,1
184172319,18.112,0.1,1769950094430,1
184172320,18.117,5.6,1769950094431,0
184172321,18.115,0.3,1769950094445,0
184172322,18.114,0.6,1769950094447,1
184172323,18.113,8.7,1769950094447,1
184172324,18.114,105.9,1769950094451,1
184172325,18.113,0.6,1769950094453,1
184172326,18.112,1.6,1769950094453,1
184172327,18.114,2.9,1769950094453,0
184172328,18.11,6.5,1769950094454,1
184172329,18.114,0.7,1769950094454,0
184172330,18.108,11.4,1769950094455,1
184172331,18.107,0.9,1769950094455,1
184172332,18.107,5.3,1769950094458,0
184172333,18.106,1.6,1769950094458,1
184172334,18.106,6.6,1769950094462,0
184172335,18.107,0.6,1769950094465,1
184172336,18.106,0.1,1769950094466,1
184172337,18.113,0.6,1769950094481,0
184172338,18.114,0.6,1769950094484,0
184172339,18.11,12.7,1769950094488,1
184172340,18.109,18.0,1769950094488,1
184172341,18.108,5.8,1769950094488,1
184172342,18.115,13.3,1769950094504,0
184172343,18.113,5.5,1769950094572,1
184172344,18.112,11.8,1769950094589,1
184172345,18.111,0.6,1769950094589,1
184172346,18.11,1.0,1769950094589,1
184172347,18.109,0.6,1769950094589,1
184172348,18.108,8.2,1769950094590,1
184172349,18.107,11.6,1769950094590,1
184172350,18.106,19.1,1769950094590,1
184172351,18.113,3.5,1769950094596,0
184172352,18.115,21.9,1769950094597,0
184172353,18.116,2.7,1769950094598,0
184172354,18.115,1.0,1769950094598,0
184172355,18.117,28.5,1769950094598,0
184172356,18.118,23.2,1769950094598,0
184172357,18.119,21.9,1769950094598,0
184172358,18.117,5.5,1769950094622,1
184172359,18.116,18.0,1769950094622,1
184172360,18.115,5.7,1769950094622,1
184172361,18.119,21.6,1769950094668,0
184172362,18.12,0.6,1769950094670,0
184172363,18.121,1.9,1769950094670,0
184172364,18.122,2.3,1769950094670,0
184172365,18.123,1.9,1769950094670,0
184172366,18.124,10.0,1769950094678,0
184172367,18.119,0.4,1769950094692,1
184172368,18.125,3.6,1769950094700,0
184172369,18.126,0.6,1769950094708,0
184172370,18.127,1.6,1769950094708,0
184172371,18.128,1.6,1769950094708,0
184172372,18.129,1.6,1769950094708,0
184172373,18.13,1.2,1769950094708,0
184172374,18.131,2.7,1769950094708,0
184172375,18.132,19.1,1769950094708,0
184172376,18.133,1.6,1769950094708,0
184172377,18.134,13.3,1769950094708,0
184172378,18.135,46.2,1769950094708,0
184172379,18.136,4.0,1769950094708,0
184172380,18.13,1.1,1769950094717,0
184172381,18.133,0.6,1769950094729,0
184172382,18.134,0.6,1769950094729,0
184172383,18.135,3.7,1769950094729,0
184172384,18.136,5.8,1769950094729,0
184172385,18.137,6.5,1769950094729,0
184172386,18.138,0.6,1769950094729,0
184172387,18.139,2.9,1769950094729,0
184172388,18.14,0.6,1769950094729,0
184172389,18.141,1.6,1769950094729,0
184172390,18.142,0.6,1769950094729,0
184172391,18.143,3.5,1769950094729,0
184172392,18.134,0.3,1769950094744,1
184172393,18.144,14.3,1769950094760,0
184172394,18.135,0.6,1769950094785,1
184172395,18.144,0.3,1769950094831,0
184172396,18.135,8.3,1769950094834,1
184172397,18.134,3.9,1769950094834,1
184172398,18.133,0.6,1769950094834,1
184172399,18.132,1.6,1769950094834,1
184172400,18.131,0.6,1769950094834,1
184172401,18.13,12.0,1769950094834,1
184172402,18.129,46.6,1769950094834,1
184172403,18.144,0.9,1769950094838,0
184172404,18.139,1.1,1769950094840,1
184172405,18.143,11.0,1769950094866,0
184172406,18.144,5.3,1769950094866,0
184172407,18.145,1.6,1769950094866,0
184172408,18.146,30.5,1769950094866,0
184172409,18.147,1.6,1769950094866,0
184172410,18.145,1.1,1769950094921,0
184172411,18.146,0.6,1769950094921,0
184172412,18.147,1.6,1769950094921,0
184172413,18.148,0.6,1769950094921,0
184172414,18.149,4.0,1769950094921,0
184172415,18.15,0.6,1769950094921,0
184172416,18.151,1.6,1769950094921,0
184172417,18.152,13.4,1769950094921,0
184172418,18.153,10.3,1769950094921,0
184172419,18.154,29.3,1769950094921,0
184172420,18.152,0.4,1769950094923,0
184172421,18.151,3.7,1769950094926,1
184172422,18.149,2.6,1769950094926,1
184172423,18.148,2.6,1769950094926,1
184172424,18.147,0.6,1769950094926,1
184172425,18.152,1.1,1769950094927,1
184172426,18.138,0.6,1769950094931,1
184172427,18.149,0.3,1769950094947,0
184172428,18.139,17.3,1769950094949,1
184172429,18.138,11.3,1769950094949,1
184172430,18.139,5.5,1769950094952,1
184172431,18.137,10.6,1769950094952,1
184172432,18.136,6.1,1769950094952,1
184172433,18.138,0.6,1769950094954,1
184172434,18.137,11.9,1769950094954,1
184172435,18.136,1.2,1769950094954,1
184172436,18.135,4.6,1769950094987,1
184172437,18.134,1.6,1769950094987,1
184172438,18.133,21.6,1769950094987,1
184172439,18.145,22.4,1769950094999,0
184172440,18.144,2.3,1769950095011,0
184172441,18.142,5.7,1769950095022,0
184172442,18.143,11.0,1769950095022,0
184172443,18.144,7.8,1769950095022,0
184172444,18.145,15.0,1769950095022,0
184172445,18.146,13.0,1769950095022,0
184172446,18.147,34.7,1769950095022,0
184172447,18.148,0.6,1769950095022,0
184172448,18.149,27.8,1769950095022,0
184172449,18.139,3.8,1769950095026,1
184172450,18.14,5.7,1769950095044,1
184172451,18.139,11.5,1769950095044,1
184172452,18.138,5.1,1769950095044,1
184172453,18.146,5.5,1769950095058,0
184172454,18.138,1.0,1769950095062,1
184172455,18.137,13.3,1769950095062,1
184172456,18.136,31.6,1769950095062,1
184172457,18.135,0.6,1769950095062,1
184172458,18.135,8.0,1769950095064,0
184172459,18.136,12.2,1769950095065,1
184172460,18.134,22.4,1769950095065,1
184172461,18.133,7.3,1769950095065,1
184172462,18.137,0.6,1769950095066,0
184172463,18.135,7.2,1769950095068,1
184172464,18.134,0.2,1769950095075,0
184172465,18.138,0.6,1769950095075,0
184172466,18.141,1.0,1769950095075,0
184172467,18.142,9.5,1769950095076,0
184172468,18.135,1.0,1769950095091,1
184172469,18.136,0.7,1769950095095,1
184172470,18.144,7.8,1769950095115,0
184172471,18.136,2.2,1769950095115,1
184172472,18.144,2.1,1769950095124,0
184172473,18.145,13.6,1769950095124,0
184172474,18.146,0.6,1769950095124,0
184172475,18.147,12.6,1769950095124,0
184172476,18.148,0.6,1769950095124,0
184172477,18.149,29.3,1769950095124,0
184172478,18.15,17.4,1769950095124,0
184172479,18.151,6.5,1769950095124,0
184172480,18.152,11.9,1769950095124,0
184172481,18.153,27.7,1769950095124,0
184172482,18.154,249.1,1769950095124,0
184172483,18.153,2.6,1769950095128,1
184172484,18.155,6.5,1769950095129,0
184172485,18.156,33.6,1769950095129,0
184172486,18.157,3.4,1769950095129,0
184172487,18.158,0.9,1769950095129,0
184172488,18.158,0.6,1769950095130,1
184172489,18.159,6.4,1769950095131,0
184172490,18.16,1.5,1769950095131,0
184172491,18.159,7.2,1769950095135,1
184172492,18.15,1.1,1769950095183,1
184172493,18.147,0.6,1769950095197,1
184172494,18.146,0.6,1769950095197,1
184172495,18.145,0.6,1769950095197,1
184172496,18.144,0.6,1769950095197,1
184172497,18.143,6.1,1769950095197,1
184172498,18.142,19.3,1769950095197,1
184172499,18.152,11.0,1769950095199,0
184172500,18.149,1.1,1769950095207,0
184172501,18.152,9.8,1769950095207,0
184172502,18.153,0.6,1769950095212,0
184172503,18.154,3.9,1769950095213,0
184172504,18.154,0.4,1769950095215,1
184172505,18.155,11.7,1769950095222,0
184172506,18.156,0.6,1769950095222,0
184172507,18.157,0.6,1769950095231,0
184172508,18.158,0.6,1769950095234,0
184172509,18.159,4.6,1769950095234,0
184172510,18.157,1.2,1769950095236,1
184172511,18.159,6.3,1769950095249,0
184172512,18.16,13.6,1769950095249,0
184172513,18.159,2.6,1769950095259,1
184172514,18.156,11.9,1769950095259,1
184172515,18.155,13.7,1769950095259,1
184172516,18.154,11.4,1769950095259,1
184172517,18.153,7.8,1769950095259,1
184172518,18.152,5.5,1769950095259,1
184172519,18.151,30.2,1769950095259,1
184172520,18.15,1.7,1769950095314,1
184172521,18.149,1.0,1769950095314,1
184172522,18.159,7.8,1769950095337,0
184172523,18.16,21.8,1769950095337,0
184172524,18.161,2.6,1769950095341,0
184172525,18.162,0.6,1769950095341,0
184172526,18.163,8.4,1769950095352,0
184172527,18.164,3.5,1769950095352,0
184172528,18.165,12.6,1769950095352,0
184172529,18.166,22.6,1769950095352,0
184172530,18.167,29.1,1769950095352,0
184172531,18.168,9.2,1769950095352,0
184172532,18.169,6.8,1769950095352,0
184172533,18.17,7.5,1769950095352,0
184172534,18.162,1.1,1769950095354,0
184172535,18.159,56.1,1769950095360,0
184172536,18.163,1.1,1769950095381,0
184172537,18.165,1.0,1769950095381,0
184172538,18.167,0.7,1769950095381,0
184172539,18.157,28.6,1769950095390,1
184172540,18.156,0.6,1769950095432,1
184172541,18.155,0.6,1769950095432,1
184172542,18.154,1.0,1769950095432,1
184172543,18.152,6.0,1769950095432,1
184172544,18.163,16.1,1769950095432,0
184172545,18.152,1.2,1769950095442,1
184172546,18.151,7.8,1769950095442,1
184172547,18.15,2.7,1769950095442,1
184172548,18.149,27.1,1769950095442,1
184172549,18.148,20.1,1769950095442,1
184172550,18.147,7.2,1769950095442,1
184172551,18.153,0.7,1769950095447,1
184172552,18.159,0.4,1769950095467,0
184172553,18.157,0.3,1769950095469,1
184172554,18.159,10.6,1769950095476,0
184172555,18.16,7.2,1769950095476,0
184172556,18.161,1.0,1769950095476,0
184172557,18.162,7.2,1769950095476,0
184172558,18.163,1.0,1769950095476,0
184172559,18.164,0.5,1769950095476,0
184172560,18.156,5.5,1769950095496,1
184172561,18.155,3.0,1769950095496,1
184172562,18.159,2.7,1769950095508,1
184172563,18.163,3.1,1769950095512,0
184172564,18.164,16.5,1769950095552,0
184172565,18.165,1.6,1769950095552,0
184172566,18.166,1.7,1769950095552,0
184172567,18.167,9.1,1769950095552,0
184172568,18.168,0.6,1769950095552,0
184172569,18.169,14.1,1769950095552,0
184172570,18.17,0.6,1769950095552,0
184172571,18.171,31.8,1769950095552,0
184172572,18.172,5.8,1769950095552,0
184172573,18.173,12.6,1769950095552,0
184172574,18.174,17.0,1769950095552,0
184172575,18.158,2.2,1769950095555,1
184172576,18.166,1.1,1769950095558,0
184172577,18.174,2.2,1769950095558,0
184172578,18.175,8.8,1769950095568,0
184172579,18.176,0.6,1769950095568,0
184172580,18.177,2.8,1769950095568,0
184172581,18.168,7.0,1769950095571,1
184172582,18.161,42.7,1769950095571,1
184172583,18.16,1.4,1769950095571,1
184172584,18.17,0.4,1769950095636,1
184172585,18.175,3.8,1769950095646,0
184172586,18.17,32.5,1769950095680,1
184172587,18.174,8.7,1769950095700,0
184172588,18.175,12.7,1769950095700,0
184172589,18.176,7.8,1769950095700,0
184172590,18.177,16.3,1769950095700,0
184172591,18.178,4.3,1769950095700,0
184172592,18.179,14.2,1769950095700,0
184172593,18.18,4.7,1769950095700,0
184172594,18.181,5.3,1769950095708,0
184172595,18.182,1.9,1769950095725,0
184172596,18.183,1.6,1769950095725,0
184172597,18.184,8.0,1769950095725,0
184172598,18.178,38.5,1769950095728,1
184172599,18.176,5.5,1769950095731,1
184172600,18.184,7.2,1769950095732,0
184172601,18.185,4.2,1769950095732,0
184172602,18.186,0.6,1769950095732,0
184172603,18.187,1.6,1769950095732,0
184172604,18.188,32.0,1769950095732,0
184172605,18.176,45.1,1769950095732,1
184172606,18.178,7.2,1769950095734,0
184172607,18.175,7.3,1769950095745,1
184172608,18.174,0.6,1769950095776,1
184172609,18.173,0.6,1769950095777,1
184172610,18.172,1.6,1769950095779,1
184172611,18.172,5.6,1769950095779,0
184172612,18.173,3.9,1769950095779,0
184172613,18.174,9.5,1769950095779,0
184172614,18.177,0.6,1769950095780,0
184172615,18.176,0.6,1769950095781,0
184172616,18.178,0.6,1769950095781,0
184172617,18.179,0.6,1769950095781,0
184172618,18.18,0.6,1769950095781,0
184172619,18.181,0.6,1769950095781,0
184172620,18.179,28.0,1769950095793,1
184172621,18.176,8.2,1769950095794,1
184172622,18.174,22.4,1769950095794,1
184172623,18.173,7.2,1769950095794,1
184172624,18.172,8.2,1769950095794,1
184172625,18.171,7.8,1769950095794,1
184172626,18.17,1.6,1769950095794,1
184172627,18.169,0.6,1769950095794,1
184172628,18.168,2.7,1769950095794,1
184172629,18.167,35.0,1769950095794,1
184172630,18.166,64.1,1769950095794,1
184172631,18.165,2.7,1769950095794,1
184172632,18.164,15.5,1769950095794,1
184172633,18.163,24.0,1769950095794,1
184172634,18.172,1.1,1769950095805,1
184172635,18.172,7.2,1769950095858,0
184172636,18.171,4.8,1769950095860,1
184172637,18.172,1.1,1769950095875,1
184172638,18.175,0.6,1769950095883,0
184172639,18.176,0.6,1769950095883,0
184172640,18.179,0.6,1769950095883,0
184172641,18.175,9.0,1769950095946,1
184172642,18.174,0.8,1769950095955,1
184172643,18.175,2.7,1769950095972,0
184172644,18.174,0.3,1769950095997,1
184172645,18.173,6.1,1769950095997,1
184172646,18.172,3.0,1769950096002,1
184172647,18.171,8.9,1769950096002,1
184172648,18.17,13.1,1769950096002,1
184172649,18.169,0.6,1769950096002,1
184172650,18.168,6.5,1769950096002,1
184172651,18.167,11.0,1769950096002,1
184172652,18.166,18.1,1769950096002,1
184172653,18.165,25.7,1769950096002,1
184172654,18.164,26.8,1769950096002,1
184172655,18.163,16.7,1769950096002,1
184172656,18.162,1.6,1769950096002,1
184172657,18.161,26.6,1769950096002,1
184172658,18.16,7.1,1769950096002,1
184172659,18.159,35.2,1769950096002,1
184172660,18.158,4.4,1769950096002,1
184172661,18.168,1.1,1769950096008,1
184172662,18.166,0.6,1769950096008,1
184172663,18.165,12.0,1769950096008,1
184172664,18.164,0.6,1769950096008,1
184172665,18.16,11.6,1769950096008,1
184172666,18.159,1.7,1769950096008,1
184172667,18.169,2.7,1769950096011,0
184172668,18.168,1.1,1769950096016,0
184172669,18.169,0.6,1769950096016,0
184172670,18.17,0.6,1769950096016,0
184172671,18.178,0.6,1769950096022,0
184172672,18.179,0.6,1769950096022,0
184172673,18.18,0.6,1769950096022,0
184172674,18.174,5.5,1769950096028,1
184172675,18.173,6.1,1769950096028,1
184172676,18.181,21.7,1769950096041,0
184172677,18.174,5.6,1769950096076,1
184172678,18.181,1.4,1769950096093,0
184172679,18.182,2.8,1769950096099,0
184172680,18.175,1.2,1769950096108,1
184172681,18.178,1.0,1769950096112,0
184172682,18.183,0.3,1769950096112,0
184172683,18.175,6.0,1769950096133,1
184172684,18.174,9.0,1769950096133,1
184172685,18.173,0.6,1769950096133,1
184172686,18.172,1.6,1769950096133,1
184172687,18.171,0.6,1769950096133,1
184172688,18.173,6.1,1769950096149,1
184172689,18.176,4.1,1769950096154,0
184172690,18.181,11.0,1769950096155,0
184172691,18.182,7.2,1769950096155,0
184172692,18.183,7.5,1769950096155,0
184172693,18.184,7.8,1769950096155,0
184172694,18.185,3.0,1769950096155,0
184172695,18.186,0.6,1769950096155,0
184172696,18.187,33.3,1769950096155,0
184172697,18.188,21.8,1769950096155,0
184172698,18.189,219.3,1769950096155,0
184172699,18.19,38.5,1769950096155,0
184172700,18.191,6.8,1769950096155,0
184172701,18.192,12.4,1769950096155,0
184172702,18.193,9.7,1769950096155,0
184172703,18.194,0.9,1769950096155,0
184172704,18.195,11.5,1769950096155,0
184172705,18.196,15.1,1769950096155,0
184172706,18.197,9.0,1769950096155,0
184172707,18.198,29.5,1769950096155,0
184172708,18.199,6.5,1769950096155,0
184172709,18.2,12.0,1769950096155,0
184172710,18.201,51.9,1769950096155,0
184172711,18.202,3.0,1769950096155,0
184172712,18.203,25.9,1769950096155,0
184172713,18.204,0.6,1769950096155,0
184172714,18.205,1.9,1769950096155,0
184172715,18.206,1.1,1769950096155,0
184172716,18.207,2.6,1769950096155,0
184172717,18.208,25.4,1769950096155,0
184172718,18.209,62.9,1769950096155,0
184172719,18.21,37.2,1769950096155,0
184172720,18.211,38.5,1769950096155,0
184172721,18.212,4.6,1769950096155,0
184172722,18.213,40.3,1769950096155,0
184172723,18.214,11.7,1769950096155,0
184172724,18.215,22.7,1769950096155,0
184172725,18.216,18.4,1769950096155,0
184172726,18.217,54.0,1769950096155,0
184172727,18.218,8.3,1769950096155,0
184172728,18.219,8.6,1769950096155,0
184172729,18.22,22.9,1769950096155,0
184172730,18.221,27.0,1769950096155,0
184172731,18.222,9.2,1769950096155,0
184172732,18.223,35.0,1769950096155,0
184172733,18.224,4.3,1769950096155,0
184172734,18.225,3.7,1769950096155,0
184172735,18.226,4.0,1769950096155,0
184172736,18.227,1.9,1769950096155,0
184172737,18.173,0.1,1769950096155,1
184172738,18.2,5.4,1769950096157,0
184172739,18.205,5.4,1769950096157,0
184172740,18.212,1.1,1769950096157,0
184172741,18.213,23.2,1769950096158,0
184172742,18.217,23.2,1769950096158,0
184172743,18.219,4.7,1769950096160,1
184172744,18.219,7.3,1769950096162,0
184172745,18.215,1.1,1769950096164,1
184172746,18.211,1.6,1769950096164,1
184172747,18.21,0.6,1769950096171,1
184172748,18.211,7.5,1769950096172,0
184172749,18.212,1.4,1769950096172,0
184172750,18.214,2.1,1769950096179,0
184172751,18.209,0.6,1769950096183,1
184172752,18.208,0.6,1769950096183,1
184172753,18.207,0.6,1769950096183,1
184172754,18.203,11.0,1769950096183,1
184172755,18.202,6.1,1769950096183,1
184172756,18.201,0.5,1769950096192,1
184172757,18.211,7.5,1769950096192,0
184172758,18.212,18.5,1769950096192,0
184172759,18.213,11.6,1769950096192,0
184172760,18.214,50.7,1769950096192,0
184172761,18.212,38.5,1769950096196,0
184172762,18.213,0.6,1769950096198,0
184172763,18.214,34.3,1769950096198,0
184172764,18.215,0.6,1769950096199,0
184172765,18.216,0.6,1769950096199,0
184172766,18.218,1.7,1769950096199,0
184172767,18.219,0.6,1769950096199,0
184172768,18.221,4.9,1769950096199,0
184172769,18.223,11.0,1769950096199,0
184172770,18.224,12.3,1769950096199,0
184172771,18.225,11.7,1769950096199,0
184172772,18.215,4.6,1769950096199,1
184172773,18.212,1.1,1769950096199,1
184172774,18.222,11.0,1769950096201,0
184172775,18.226,11.7,1769950096201,0
184172776,18.227,11.0,1769950096201,0
184172777,18.219,3.9,1769950096209,1
184172778,18.225,5.5,1769950096225,0
184172779,18.226,3.6,1769950096225,0
184172780,18.226,1.1,1769950096227,1
184172781,18.225,1.1,1769950096227,1
184172782,18.22,5.5,1769950096230,1
184172783,18.219,0.6,1769950096230,1
184172784,18.218,1.7,1769950096232,1
184172785,18.217,5.5,1769950096232,1
184172786,18.214,5.5,1769950096233,1
184172787,18.213,3.8,1769950096233,1
184172788,18.212,5.1,1769950096233,1
184172789,18.216,0.6,1769950096234,0
184172790,18.215,1.1,1769950096235,1
184172791,18.211,7.7,1769950096235,1
184172792,18.211,6.1,1769950096237,0
184172793,18.21,5.5,1769950096237,1
184172794,18.208,11.7,1769950096237,1
184172795,18.211,3.8,1769950096237,0
184172796,18.212,2.7,1769950096237,0
184172797,18.213,0.7,1769950096237,0
184172798,18.207,0.6,1769950096238,1
184172799,18.206,7.2,1769950096238,0
184172800,18.208,6.5,1769950096239,0
184172801,18.207,2.7,1769950096240,0
184172802,18.208,0.7,1769950096240,0
184172803,18.213,3.5,1769950096251,0
184172804,18.212,0.7,1769950096257,1
184172805,18.21,0.6,1769950096259,1
184172806,18.21,6.6,1769950096259,0
184172807,18.212,4.8,1769950096259,0
184172808,18.209,0.6,1769950096268,1
184172809,18.208,0.2,1769950096276,1
184172810,18.212,5.6,1769950096277,0
184172811,18.208,1.6,1769950096289,1
184172812,18.213,3.6,1769950096292,0
184172813,18.214,0.6,1769950096293,0
184172814,18.215,0.6,1769950096294,0
184172815,18.216,3.7,1769950096297,0
184172816,18.216,2.6,1769950096301,1
184172817,18.213,6.6,1769950096313,1
184172818,18.212,11.0,1769950096313,1
184172819,18.211,11.4,1769950096313,1
184172820,18.21,5.5,1769950096313,1
184172821,18.209,5.5,1769950096313,1
184172822,18.208,12.9,1769950096313,1
184172823,18.213,6.6,1769950096319,1
184172824,18.218,1.1,1769950096337,0
184172825,18.219,0.6,1769950096337,0
184172826,18.22,0.6,1769950096337,0
184172827,18.221,0.5,1769950096337,0
184172828,18.212,0.6,1769950096348,1
184172829,18.211,0.6,1769950096348,1
184172830,18.21,11.9,1769950096348,1
184172831,18.209,6.5,1769950096348,1
184172832,18.218,0.8,1769950096361,0
184172833,18.209,10.8,1769950096362,1
184172834,18.208,13.1,1769950096362,1
184172835,18.207,11.6,1769950096362,1
184172836,18.206,13.3,1769950096362,1
184172837,18.205,5.2,1769950096362,1
184172838,18.213,0.3,1769950096369,0
184172839,18.206,5.5,1769950096406,1
184172840,18.206,11.7,1769950096416,0
184172841,18.205,29.9,1769950096421,1
184172842,18.206,2.8,1769950096493,0
184172843,18.207,0.6,1769950096493,0
184172844,18.208,0.6,1769950096494,0
184172845,18.209,0.6,1769950096494,0
184172846,18.21,1.6,1769950096494,0
184172847,18.212,1.0,1769950096494,0
184172848,18.213,4.6,1769950096495,0
184172849,18.214,1.6,1769950096495,0
184172850,18.215,0.6,1769950096495,0
184172851,18.216,23.6,1769950096495,0
184172852,18.217,30.7,1769950096495,0
184172853,18.218,26.1,1769950096495,0
184172854,18.214,11.2,1769950096496,0
184172855,18.218,4.3,1769950096496,0
184172856,18.219,0.6,1769950096496,0
184172857,18.22,6.5,1769950096496,0
184172858,18.221,0.9,1769950096496,0
184172859,18.222,45.9,1769950096496,0
184172860,18.211,7.2,1769950096497,0
184172861,18.217,1.1,1769950096497,0
184172862,18.223,11.6,1769950096509,0
184172863,18.224,3.4,1769950096509,0
184172864,18.22,4.4,1769950096522,1
184172865,18.224,1.2,1769950096524,0
184172866,18.225,0.6,1769950096524,0
184172867,18.226,2.3,1769950096524,0
184172868,18.227,0.6,1769950096524,0
184172869,18.228,2.4,1769950096524,0
184172870,18.229,0.7,1769950096524,0
184172871,18.23,13.6,1769950096524,0
184172872,18.231,6.4,1769950096524,0
184172873,18.232,19.0,1769950096524,0
184172874,18.233,9.1,1769950096524,0
184172875,18.234,6.3,1769950096524,0
184172876,18.235,38.9,1769950096524,0
184172877,18.232,1.1,1769950096526,0
184172878,18.231,2.6,1769950096529,1
184172879,18.233,7.2,1769950096540,1
184172880,18.232,9.0,1769950096544,1
184172881,18.235,0.6,1769950096545,0
184172882,18.236,2.7,1769950096545,0
184172883,18.233,4.5,1769950096546,1
184172884,18.231,12.3,1769950096546,1
184172885,18.232,28.9,1769950096551,1
184172886,18.231,9.6,1769950096561,1
184172887,18.23,6.3,1769950096561,1
184172888,18.231,2.7,1769950096564,0
184172889,18.237,0.6,1769950096571,0
184172890,18.238,5.6,1769950096575,0
184172891,18.239,1.4,1769950096593,0
184172892,18.24,0.1,1769950096593,0
184172893,18.237,11.0,1769950096596,1
184172894,18.236,7.8,1769950096596,1
184172895,18.235,4.0,1769950096598,1
184172896,18.234,1.6,1769950096602,1
184172897,18.233,1.7,1769950096606,1
184172898,18.232,0.6,1769950096637,1
184172899,18.231,10.0,1769950096637,1
184172900,18.23,12.6,1769950096637,1
184172901,18.229,7.8,1769950096637,1
184172902,18.228,1.6,1769950096637,1
184172903,18.227,6.7,1769950096637,1
184172904,18.226,15.3,1769950096637,1
184172905,18.227,2.7,1769950096642,0
184172906,18.23,2.7,1769950096642,0
184172907,18.231,2.7,1769950096642,0
184172908,18.233,3.2,1769950096642,0
184172909,18.234,2.1,1769950096642,0
184172910,18.235,0.6,1769950096642,0
184172911,18.236,1.6,1769950096642,0
184172912,18.237,4.4,1769950096642,0
184172913,18.226,1.6,1769950096643,1
184172914,18.236,0.4,1769950096651,0
184172915,18.23,1.1,1769950096663,1
184172916,18.228,1.0,1769950096663,1
184172917,18.227,5.5,1769950096663,1
184172918,18.226,17.7,1769950096663,1
184172919,18.236,0.2,1769950096664,0
184172920,18.237,0.8,1769950096664,0
184172921,18.23,5.8,1769950096667,1
184172922,18.228,0.6,1769950096667,1
184172923,18.227,0.6,1769950096667,1
184172924,18.226,2.5,1769950096667,1
184172925,18.236,1.0,1769950096671,0
184172926,18.237,0.6,1769950096693,0
