trade_id,price,qty,timestamp,is_buyer_maker
185222490,18.159,1.0,1769961602910,0
185222491,18.141,0.6,1769961602913,1
185222492,18.14,9.2,1769961602914,1
185222493,18.139,7.2,1769961602918,0
185222494,18.14,0.8,1769961602925,0
185222495,18.136,4.7,1769961602944,0
185222496,18.138,4.7,1769961602944,0
185222497,18.139,6.2,1769961602944,0
185222498,18.142,34.7,1769961602944,0
185222499,18.144,53.6,1769961602944,0
185222500,18.145,6.2,1769961602944,0
185222501,18.148,4.7,1769961602944,0
185222502,18.15,4.7,1769961602944,0
185222503,18.151,1.4,1769961602944,0
185222504,18.152,28.5,1769961602944,0
185222505,18.153,48.4,1769961602944,0
185222506,18.155,33.2,1769961602944,0
185222507,18.156,7.1,1769961602944,0
185222508,18.157,1.9,1769961602944,0
185222509,18.158,25.4,1769961602944,0
185222510,18.159,8.1,1769961602944,0
185222511,18.16,6.8,1769961602944,0
185222512,18.161,12.8,1769961602944,0
185222513,18.162,5.5,1769961602944,0
185222514,18.163,14.9,1769961602944,0
185222515,18.164,6.4,1769961602944,0
185222516,18.152,6.5,1769961602959,0
185222517,18.153,1.2,1769961602959,0
185222518,18.142,2.6,1769961602966,0
185222519,18.141,30.9,1769961602971,1
185222520,18.141,1.6,1769961602979,0
185222521,18.14,5.7,1769961602980,1
185222522,18.139,2.2,1769961602980,1
185222523,18.141,14.3,1769961603000,0
185222524,18.142,0.6,1769961603026,0
185222525,18.143,0.6,1769961603026,0
185222526,18.144,0.6,1769961603026,0
185222527,18.145,0.6,1769961603026,0
185222528,18.146,11.0,1769961603026,0
185222529,18.147,17.4,1769961603026,0
185222530,18.149,4.7,1769961603026,0
185222531,18.15,4.0,1769961603026,0
185222532,18.145,2.6,1769961603053,1
185222533,18.144,31.2,1769961603061,1
185222534,18.142,12.3,1769961603065,1
185222535,18.141,8.1,1769961603065,1
185222536,18.14,0.6,1769961603065,1
185222537,18.139,0.6,1769961603065,1
185222538,18.14,17.8,1769961603073,1
185222539,18.141,7.2,1769961603080,0
185222540,18.142,7.2,1769961603080,0
185222541,18.143,13.1,1769961603080,0
185222542,18.14,5.9,1769961603086,1
185222543,18.143,0.4,1769961603098,0
185222544,18.141,4.9,1769961603111,1
185222545,18.14,30.7,1769961603146,1
185222546,18.139,2.7,1769961603163,0
185222547,18.143,5.2,1769961603163,0
185222548,18.141,8.3,1769961603177,1
185222549,18.14,6.3,1769961603181,1
185222550,18.139,2.1,1769961603233,1
185222551,18.14,4.6,1769961603242,0
185222552,18.141,0.6,1769961603242,0
185222553,18.142,0.3,1769961603242,0
185222554,18.14,6.4,1769961603259,1
185222555,18.14,1.2,1769961603284,0
185222556,18.139,3.4,1769961603295,1
185222557,18.138,0.3,1769961603295,1
185222558,18.139,14.8,1769961603334,0
185222559,18.14,31.9,1769961603353,0
185222560,18.141,1.5,1769961603353,0
185222561,18.142,0.6,1769961603353,0
185222562,18.143,0.6,1769961603353,0
185222563,18.144,2.0,1769961603353,0
185222564,18.145,3.7,1769961603353,0
185222565,18.146,0.6,1769961603353,0
185222566,18.147,5.3,1769961603353,0
185222567,18.148,7.1,1769961603353,0
185222568,18.149,11.6,1769961603353,0
185222569,18.15,12.3,1769961603353,0
185222570,18.151,6.6,1769961603353,0
185222571,18.152,27.4,1769961603353,0
185222572,18.153,12.5,1769961603353,0
185222573,18.154,56.1,1769961603353,0
185222574,18.155,60.3,1769961603353,0
185222575,18.156,27.5,1769961603353,0
185222576,18.157,16.8,1769961603353,0
185222577,18.141,17.4,1769961603355,0
185222578,18.146,0.4,1769961603356,0
185222579,18.144,4.7,1769961603358,1
185222580,18.142,2.4,1769961603358,1
185222581,18.145,3.0,1769961603358,1
185222582,18.143,1.8,1769961603361,1
185222583,18.141,5.9,1769961603361,1
185222584,18.14,16.6,1769961603406,1
185222585,18.139,8.4,1769961603407,1
185222586,18.138,6.8,1769961603407,1
185222587,18.137,0.7,1769961603407,1
185222588,18.141,0.1,1769961603418,0
185222589,18.142,0.6,1769961603418,0
185222590,18.142,4.5,1769961603459,1
185222591,18.141,0.9,1769961603459,1
185222592,18.143,0.6,1769961603463,0
185222593,18.144,0.6,1769961603464,0
185222594,18.144,6.5,1769961603485,1
185222595,18.143,4.9,1769961603516,1
185222596,18.142,0.6,1769961603516,1
185222597,18.141,5.2,1769961603516,1
185222598,18.14,3.5,1769961603516,1
185222599,18.139,0.6,1769961603562,1
185222600,18.138,1.6,1769961603573,1
185222601,18.137,1.5,1769961603586,1
185222602,18.136,79.1,1769961603586,1
185222603,18.135,0.9,1769961603615,1
185222604,18.134,0.6,1769961603617,1
185222605,18.133,0.6,1769961603617,1
185222606,18.132,1.3,1769961603617,1
185222607,18.131,0.9,1769961603617,1
185222608,18.13,5.1,1769961603617,1
185222609,18.129,5.5,1769961603617,1
185222610,18.128,5.6,1769961603617,1
185222611,18.127,5.5,1769961603617,1
185222612,18.126,1.6,1769961603617,1
185222613,18.133,8.2,1769961603617,0
185222614,18.135,9.1,1769961603617,0
185222615,18.136,23.4,1769961603617,0
185222616,18.137,12.0,1769961603617,0
185222617,18.138,10.9,1769961603617,0
185222618,18.139,1.6,1769961603617,0
185222619,18.14,29.8,1769961603617,0
185222620,18.141,1.6,1769961603617,0
185222621,18.142,24.4,1769961603617,0
185222622,18.143,19.8,1769961603617,0
185222623,18.144,18.5,1769961603617,0
185222624,18.145,6.5,1769961603617,0
185222625,18.146,5.2,1769961603617,0
185222626,18.147,55.7,1769961603617,0
185222627,18.148,28.3,1769961603617,0
185222628,18.149,9.6,1769961603617,0
185222629,18.15,10.5,1769961603617,0
185222630,18.13,4.9,1769961603619,1
185222631,18.131,4.1,1769961603620,0
185222632,18.132,1.4,1769961603620,0
185222633,18.133,2.6,1769961603620,1
185222634,18.134,6.8,1769961603623,1
185222635,18.133,0.4,1769961603623,1
185222636,18.134,5.9,1769961603624,1
185222637,18.135,7.2,1769961603631,1
185222638,18.134,4.5,1769961603631,1
185222639,18.133,4.2,1769961603631,1
185222640,18.135,2.7,1769961603667,0
185222641,18.136,0.3,1769961603667,0
185222642,18.137,2.9,1769961603729,0
185222643,18.138,0.6,1769961603766,0
185222644,18.139,0.6,1769961603766,0
185222645,18.14,0.6,1769961603766,0
185222646,18.141,0.6,1769961603766,0
185222647,18.142,1.3,1769961603766,0
185222648,18.144,12.4,1769961603766,0
185222649,18.14,1.4,1769961603791,1
185222650,18.141,0.6,1769961603839,0
185222651,18.142,11.6,1769961603839,0
185222652,18.143,7.8,1769961603839,0
185222653,18.144,0.9,1769961603839,0
185222654,18.145,30.8,1769961603839,0
185222655,18.146,0.9,1769961603839,0
185222656,18.147,34.6,1769961603839,0
185222657,18.147,27.3,1769961603843,1
185222658,18.146,7.7,1769961603853,0
185222659,18.142,0.9,1769961603875,1
185222660,18.146,2.6,1769961603936,0
185222661,18.147,8.5,1769961603939,0
185222662,18.144,1.4,1769961603957,1
185222663,18.147,1.8,1769961603986,0
185222664,18.148,0.6,1769961603986,0
185222665,18.149,8.5,1769961603986,0
185222666,18.15,1.9,1769961603986,0
185222667,18.151,0.9,1769961603986,0
185222668,18.144,1.0,1769961604034,1
185222669,18.143,1.4,1769961604037,1
185222670,18.143,2.7,1769961604088,0
185222671,18.147,8.2,1769961604088,0
185222672,18.144,2.5,1769961604153,1
185222673,18.145,3.3,1769961604174,0
185222674,18.146,7.8,1769961604174,0
185222675,18.147,8.4,1769961604183,0
185222676,18.146,3.1,1769961604260,0
185222677,18.147,13.9,1769961604261,0
185222678,18.148,0.6,1769961604261,0
185222679,18.149,1.6,1769961604261,0
185222680,18.15,0.6,1769961604261,0
185222681,18.151,0.7,1769961604261,0
185222682,18.152,1.0,1769961604261,0
185222683,18.145,6.2,1769961604273,1
185222684,18.144,14.4,1769961604282,1
185222685,18.145,1.5,1769961604297,0
185222686,18.144,7.2,1769961604346,1
185222687,18.145,2.5,1769961604427,0
185222688,18.144,1.3,1769961604455,1
185222689,18.144,9.6,1769961604571,1
185222690,18.143,0.6,1769961604571,1
185222691,18.142,5.5,1769961604571,1
185222692,18.141,74.1,1769961604572,1
185222693,18.14,5.8,1769961604572,1
185222694,18.14,1.2,1769961604575,0
185222695,18.139,0.6,1769961604595,1
185222696,18.138,0.6,1769961604595,1
185222697,18.137,5.5,1769961604595,1
185222698,18.136,0.6,1769961604595,1
185222699,18.135,2.0,1769961604595,1
185222700,18.136,2.7,1769961604597,0
185222701,18.137,2.7,1769961604597,0
185222702,18.139,2.7,1769961604597,0
185222703,18.14,1.5,1769961604597,0
185222704,18.141,3.6,1769961604597,0
185222705,18.137,2.2,1769961604781,1
185222706,18.137,9.1,1769961604787,0
185222707,18.136,1.1,1769961604789,1
185222708,18.135,0.6,1769961604812,1
185222709,18.134,0.6,1769961604812,1
185222710,18.133,1.9,1769961604812,1
185222711,18.132,0.6,1769961604812,1
185222712,18.133,10.6,1769961604887,0
185222713,18.134,7.8,1769961604887,0
185222714,18.135,12.4,1769961604887,0
185222715,18.136,11.0,1769961604887,0
185222716,18.137,1.6,1769961604887,0
185222717,18.138,14.3,1769961604887,0
185222718,18.136,0.6,1769961604892,0
185222719,18.134,1.3,1769961604958,1
185222720,18.132,1.0,1769961605042,1
185222721,18.131,3.0,1769961605042,1
185222722,18.13,22.6,1769961605042,1
185222723,18.129,5.5,1769961605050,1
185222724,18.13,2.0,1769961605131,0
185222725,18.128,0.7,1769961605137,1
185222726,18.13,2.2,1769961605149,0
185222727,18.129,15.8,1769961605167,1
185222728,18.128,7.3,1769961605167,1
185222729,18.127,18.8,1769961605167,1
185222730,18.126,6.9,1769961605168,1
185222731,18.125,16.7,1769961605168,1
185222732,18.124,11.1,1769961605168,1
185222733,18.123,1.7,1769961605168,1
185222734,18.122,11.4,1769961605168,1
185222735,18.121,21.1,1769961605168,1
185222736,18.12,18.8,1769961605168,1
185222737,18.119,14.2,1769961605168,1
185222738,18.118,36.4,1769961605168,1
185222739,18.117,48.9,1769961605168,1
185222740,18.116,9.1,1769961605168,1
185222741,18.115,7.9,1769961605168,1
185222742,18.114,13.3,1769961605168,1
185222743,18.113,13.7,1769961605169,1
185222744,18.112,18.8,1769961605169,1
185222745,18.111,17.7,1769961605169,1
185222746,18.115,2.7,1769961605175,0
185222747,18.117,0.6,1769961605177,0
185222748,18.121,1.0,1769961605200,0
185222749,18.122,0.6,1769961605201,0
185222750,18.123,1.6,1769961605203,0
185222751,18.124,5.0,1769961605203,0
185222752,18.125,9.2,1769961605228,0
185222753,18.126,4.0,1769961605228,0
185222754,18.127,5.9,1769961605228,0
185222755,18.128,7.3,1769961605228,0
185222756,18.129,12.8,1769961605228,0
185222757,18.13,3.0,1769961605229,0
185222758,18.131,4.8,1769961605229,0
185222759,18.132,6.1,1769961605229,0
185222760,18.133,22.8,1769961605230,0
185222761,18.134,1.9,1769961605230,0
185222762,18.135,49.6,1769961605230,0
185222763,18.136,10.5,1769961605230,0
185222764,18.137,1.6,1769961605230,0
185222765,18.138,0.9,1769961605230,0
185222766,18.139,9.6,1769961605230,0
185222767,18.133,5.2,1769961605231,0
185222768,18.139,7.2,1769961605234,0
185222769,18.14,7.5,1769961605234,0
185222770,18.141,1.9,1769961605234,0
185222771,18.142,0.9,1769961605234,0
185222772,18.143,6.8,1769961605234,0
185222773,18.144,1.7,1769961605234,0
185222774,18.145,0.1,1769961605234,0
185222775,18.14,3.2,1769961605238,1
185222776,18.138,2.6,1769961605238,1
185222777,18.138,1.1,1769961605382,1
185222778,18.137,0.6,1769961605385,1
185222779,18.136,1.6,1769961605385,1
185222780,18.135,1.9,1769961605393,1
185222781,18.134,1.6,1769961605411,1
185222782,18.133,0.2,1769961605411,1
185222783,18.133,1.4,1769961605560,1
185222784,18.132,0.6,1769961605568,1
185222785,18.131,0.6,1769961605573,1
185222786,18.129,0.6,1769961605574,1
185222787,18.128,0.6,1769961605574,1
185222788,18.128,12.7,1769961605747,0
185222789,18.129,0.6,1769961605780,0
185222790,18.13,7.8,1769961605780,0
185222791,18.131,1.6,1769961605780,0
185222792,18.132,8.5,1769961605780,0
185222793,18.133,5.3,1769961605780,0
185222794,18.134,10.3,1769961605780,0
185222795,18.135,6.1,1769961605780,0
185222796,18.136,2.4,1769961605780,0
185222797,18.137,7.4,1769961605780,0
185222798,18.138,35.4,1769961605780,0
185222799,18.139,15.6,1769961605780,0
185222800,18.132,1.3,1769961605817,1
185222801,18.131,0.6,1769961605817,1
185222802,18.13,0.6,1769961605817,1
185222803,18.128,1.0,1769961605817,1
185222804,18.127,10.2,1769961605817,1
185222805,18.126,6.9,1769961605817,1
185222806,18.125,10.2,1769961605817,1
185222807,18.124,17.2,1769961605817,1
185222808,18.129,1.1,1769961605849,0
185222809,18.132,13.3,1769961605849,0
185222810,18.133,5.4,1769961605849,0
185222811,18.134,6.7,1769961605849,0
185222812,18.128,0.6,1769961605887,1
185222813,18.132,2.6,1769961605982,1
185222814,18.131,0.6,1769961605982,1
185222815,18.13,0.6,1769961605982,1
185222816,18.129,7.8,1769961605982,1
185222817,18.128,7.2,1769961605982,1
185222818,18.127,8.1,1769961605982,1
185222819,18.126,12.9,1769961605982,1
185222820,18.125,5.3,1769961605982,1
185222821,18.124,0.6,1769961606075,1
185222822,18.123,1.7,1769961606075,1
185222823,18.122,18.8,1769961606075,1
185222824,18.121,0.6,1769961606076,1
185222825,18.12,4.6,1769961606076,1
185222826,18.119,0.6,1769961606076,1
185222827,18.118,7.1,1769961606082,1
185222828,18.117,1.2,1769961606086,1
185222829,18.116,2.9,1769961606091,1
185222830,18.115,11.2,1769961606091,1
185222831,18.114,20.2,1769961606097,1
185222832,18.113,35.1,1769961606099,1
185222833,18.112,9.1,1769961606099,1
185222834,18.111,43.1,1769961606099,1
185222835,18.11,11.4,1769961606099,1
185222836,18.109,37.8,1769961606099,1
185222837,18.112,2.7,1769961606155,0
185222838,18.113,7.0,1769961606155,0
185222839,18.111,0.3,1769961606167,1
185222840,18.11,0.6,1769961606167,1
185222841,18.109,7.9,1769961606167,1
185222842,18.113,1.2,1769961606223,0
185222843,18.114,0.6,1769961606226,0
185222844,18.115,1.6,1769961606226,0
185222845,18.116,0.6,1769961606226,0
185222846,18.117,1.6,1769961606227,0
185222847,18.118,2.3,1769961606227,0
185222848,18.119,1.6,1769961606227,0
185222849,18.12,16.5,1769961606227,0
185222850,18.121,1.9,1769961606227,0
185222851,18.122,34.3,1769961606227,0
185222852,18.123,4.3,1769961606227,0
185222853,18.12,1.3,1769961606251,1
185222854,18.122,3.1,1769961606303,0
185222855,18.121,0.3,1769961606338,1
185222856,18.122,8.4,1769961606352,0
185222857,18.121,2.1,1769961606412,1
185222858,18.121,0.3,1769961606496,0
185222859,18.12,4.8,1769961606541,1
185222860,18.119,0.6,1769961606541,1
185222861,18.118,1.6,1769961606541,1
185222862,18.117,4.4,1769961606541,1
185222863,18.116,12.0,1769961606541,1
185222864,18.115,0.9,1769961606541,1
185222865,18.114,6.3,1769961606541,1
185222866,18.113,19.1,1769961606541,1
185222867,18.112,23.1,1769961606541,1
185222868,18.111,8.1,1769961606541,1
185222869,18.11,8.7,1769961606541,1
185222870,18.109,22.4,1769961606541,1
185222871,18.108,225.7,1769961606541,1
185222872,18.107,13.5,1769961606541,1
185222873,18.106,56.6,1769961606541,1
185222874,18.105,11.8,1769961606541,1
185222875,18.104,20.4,1769961606541,1
185222876,18.103,9.9,1769961606541,1
185222877,18.102,26.8,1769961606541,1
185222878,18.101,56.5,1769961606541,1
185222879,18.1,185.6,1769961606541,1
185222880,18.111,4.2,1769961606584,0
185222881,18.112,1.1,1769961606584,0
185222882,18.113,12.0,1769961606584,0
185222883,18.114,4.2,1769961606584,0
185222884,18.115,39.2,1769961606584,0
185222885,18.116,6.8,1769961606584,0
185222886,18.117,5.7,1769961606584,0
185222887,18.118,20.2,1769961606584,0
185222888,18.119,73.3,1769961606584,0
185222889,18.12,66.6,1769961606584,0
185222890,18.121,26.5,1769961606584,0
185222891,18.122,15.8,1769961606584,0
185222892,18.106,1.7,1769961606584,1
185222893,18.105,4.9,1769961606584,1
185222894,18.104,0.6,1769961606584,1
185222895,18.103,6.1,1769961606584,1
185222896,18.102,10.9,1769961606584,1
185222897,18.101,36.0,1769961606584,1
185222898,18.1,60.2,1769961606584,1
185222899,18.11,5.7,1769961606611,1
185222900,18.108,2.4,1769961606618,1
185222901,18.107,1.9,1769961606618,1
185222902,18.107,0.6,1769961606654,0
185222903,18.108,0.6,1769961606654,0
185222904,18.109,1.0,1769961606654,0
185222905,18.111,1.0,1769961606654,0
185222906,18.112,7.2,1769961606654,0
185222907,18.113,2.7,1769961606654,0
185222908,18.114,6.2,1769961606654,0
185222909,18.115,11.5,1769961606654,0
185222910,18.116,5.5,1769961606654,0
185222911,18.117,6.7,1769961606654,0
185222912,18.118,1.4,1769961606654,0
185222913,18.114,1.1,1769961606695,0
185222914,18.114,24.6,1769961606808,1
185222915,18.113,0.6,1769961606928,1
185222916,18.112,0.6,1769961606928,1
185222917,18.11,1.6,1769961606928,1
185222918,18.109,0.6,1769961606928,1
185222919,18.108,2.0,1769961606928,1
185222920,18.111,5.2,1769961606935,0
185222921,18.112,9.0,1769961606948,0
185222922,18.113,23.7,1769961606948,0
185222923,18.114,11.4,1769961606948,0
185222924,18.115,4.1,1769961606948,0
185222925,18.116,0.8,1769961606948,0
185222926,18.117,0.6,1769961607052,0
185222927,18.118,0.6,1769961607052,0
185222928,18.119,1.6,1769961607052,0
185222929,18.12,0.9,1769961607052,0
185222930,18.121,3.7,1769961607108,0
185222931,18.122,1.1,1769961607108,0
185222932,18.12,12.2,1769961607121,1
185222933,18.119,0.6,1769961607121,1
185222934,18.118,3.2,1769961607121,1
185222935,18.117,0.6,1769961607121,1
185222936,18.116,3.6,1769961607121,1
185222937,18.12,5.5,1769961607234,0
185222938,18.121,0.6,1769961607234,0
185222939,18.122,8.2,1769961607234,0
185222940,18.123,2.7,1769961607234,0
185222941,18.124,11.6,1769961607234,0
185222942,18.125,12.4,1769961607234,0
185222943,18.126,15.8,1769961607235,0
185222944,18.127,9.3,1769961607304,0
185222945,18.128,6.3,1769961607495,0
185222946,18.129,2.1,1769961607495,0
185222947,18.13,2.1,1769961607495,0
185222948,18.131,2.9,1769961607495,0
185222949,18.132,1.5,1769961607495,0
185222950,18.133,1.9,1769961607495,0
185222951,18.134,6.1,1769961607495,0
185222952,18.135,14.4,1769961607495,0
185222953,18.136,19.6,1769961607495,0
185222954,18.137,12.6,1769961607495,0
185222955,18.138,6.9,1769961607495,0
185222956,18.139,32.3,1769961607495,0
185222957,18.14,29.6,1769961607495,0
185222958,18.141,6.5,1769961607495,0
185222959,18.142,20.4,1769961607495,0
185222960,18.141,1.1,1769961607503,1
185222961,18.14,2.4,1769961607503,1
185222962,18.139,5.5,1769961607532,0
185222963,18.14,12.7,1769961607532,0
185222964,18.141,12.7,1769961607532,0
185222965,18.142,10.9,1769961607532,0
185222966,18.143,1.6,1769961607532,0
185222967,18.144,10.6,1769961607532,0
185222968,18.145,38.9,1769961607532,0
185222969,18.146,6.8,1769961607532,0
185222970,18.147,0.3,1769961607532,0
185222971,18.145,1.1,1769961607571,0
185222972,18.147,1.7,1769961607648,0
185222973,18.148,0.9,1769961607734,0
185222974,18.149,1.9,1769961607734,0
185222975,18.148,1.5,1769961607773,1
185222976,18.15,9.4,1769961607774,0
185222977,18.148,1.7,1769961607784,1
185222978,18.15,1.3,1769961607812,0
185222979,18.15,2.6,1769961607849,1
185222980,18.149,10.4,1769961607849,1
185222981,18.148,13.7,1769961607849,1
185222982,18.151,1.6,1769961607878,0
185222983,18.152,2.1,1769961607879,0
185222984,18.153,7.2,1769961607879,0
185222985,18.154,0.6,1769961607879,0
185222986,18.155,9.8,1769961607927,0
185222987,18.156,1.3,1769961607927,0
185222988,18.157,0.8,1769961607970,0
185222989,18.156,12.9,1769961608051,1
185222990,18.155,0.6,1769961608088,1
185222991,18.154,3.2,1769961608088,1
185222992,18.153,2.6,1769961608107,1
185222993,18.152,11.0,1769961608107,1
185222994,18.151,6.8,1769961608107,1
185222995,18.15,0.3,1769961608123,1
185222996,18.153,0.6,1769961608128,1
185222997,18.152,0.6,1769961608128,1
185222998,18.15,4.4,1769961608128,1
185222999,18.156,3.0,1769961608132,0
185223000,18.157,11.6,1769961608132,0
185223001,18.158,0.9,1769961608158,0
185223002,18.159,4.2,1769961608158,0
185223003,18.16,1.8,1769961608158,0
185223004,18.156,8.5,1769961608192,1
185223005,18.151,11.1,1769961608192,1
185223006,18.15,1.7,1769961608192,1
185223007,18.156,2.0,1769961608220,1
185223008,18.155,3.5,1769961608220,1
185223009,18.156,1.7,1769961608277,1
185223010,18.155,5.5,1769961608363,1
185223011,18.156,15.4,1769961608387,0
185223012,18.157,0.6,1769961608387,0
185223013,18.158,2.2,1769961608387,0
185223014,18.159,5.1,1769961608387,0
185223015,18.159,2.6,1769961608435,1
185223016,18.157,0.6,1769961608468,1
185223017,18.156,7.8,1769961608468,1
185223018,18.155,6.0,1769961608565,1
185223019,18.156,18.0,1769961608595,0
185223020,18.157,2.6,1769961608595,0
185223021,18.157,2.1,1769961608670,1
185223022,18.158,6.1,1769961608714,0
185223023,18.159,3.3,1769961608724,0
185223024,18.16,2.4,1769961608752,0
185223025,18.159,0.7,1769961608894,0
185223026,18.158,14.3,1769961608912,1
185223027,18.157,0.6,1769961608912,1
185223028,18.156,0.6,1769961608912,1
185223029,18.155,8.4,1769961608912,1
185223030,18.154,0.9,1769961608914,1
185223031,18.156,1.1,1769961608914,1
185223032,18.153,14.3,1769961608997,1
185223033,18.152,0.6,1769961608999,1
185223034,18.151,0.6,1769961609001,1
185223035,18.151,8.2,1769961609068,0
185223036,18.152,7.7,1769961609108,0
185223037,18.153,11.0,1769961609108,0
185223038,18.154,31.6,1769961609108,0
185223039,18.154,14.5,1769961609217,0
185223040,18.155,4.8,1769961609246,0
185223041,18.156,3.7,1769961609246,0
185223042,18.153,6.1,1769961609265,1
185223043,18.151,0.6,1769961609295,1
185223044,18.15,0.6,1769961609295,1
185223045,18.149,1.6,1769961609295,1
185223046,18.15,2.7,1769961609319,0
185223047,18.15,7.2,1769961609353,1
185223048,18.149,12.7,1769961609353,1
185223049,18.148,1.6,1769961609353,1
185223050,18.147,5.9,1769961609353,1
185223051,18.146,33.6,1769961609353,1
185223052,18.145,10.2,1769961609353,1
185223053,18.144,5.2,1769961609353,1
185223054,18.143,52.6,1769961609353,1
185223055,18.142,327.3,1769961609353,1
185223056,18.151,0.5,1769961609353,0
185223057,18.143,3.1,1769961609363,0
185223058,18.144,3.2,1769961609386,1
185223059,18.142,95.6,1769961609386,1
185223060,18.142,3.2,1769961609409,0
185223061,18.143,3.2,1769961609409,0
185223062,18.141,0.6,1769961609411,1
185223063,18.14,4.0,1769961609411,1
185223064,18.139,0.6,1769961609411,1
185223065,18.138,3.6,1769961609411,1
185223066,18.137,5.1,1769961609411,1
185223067,18.136,3.1,1769961609411,1
185223068,18.135,0.9,1769961609411,1
185223069,18.134,6.1,1769961609411,1
185223070,18.133,8.0,1769961609411,1
185223071,18.134,8.3,1769961609450,1
185223072,18.133,8.1,1769961609456,0
185223073,18.134,0.6,1769961609470,0
185223074,18.135,0.6,1769961609470,0
185223075,18.136,4.0,1769961609485,1
185223076,18.14,7.2,1769961609489,0
185223077,18.141,12.4,1769961609489,0
185223078,18.142,5.4,1769961609489,0
185223079,18.138,9.2,1769961609538,1
185223080,18.137,7.2,1769961609538,1
185223081,18.136,7.8,1769961609538,1
185223082,18.134,23.5,1769961609538,1
185223083,18.133,9.2,1769961609538,1
185223084,18.132,18.8,1769961609538,1
185223085,18.131,9.2,1769961609538,1
185223086,18.142,4.3,1769961609559,0
185223087,18.143,1.6,1769961609559,0
185223088,18.144,0.6,1769961609559,0
185223089,18.145,3.0,1769961609559,0
185223090,18.146,21.8,1769961609559,0
185223091,18.147,3.6,1769961609559,0
185223092,18.144,1.1,1769961609571,0
185223093,18.147,6.5,1769961609571,0
185223094,18.148,8.1,1769961609571,0
185223095,18.149,11.1,1769961609571,0
185223096,18.15,4.2,1769961609571,0
185223097,18.141,5.0,1769961609586,1
185223098,18.145,3.3,1769961609643,1
185223099,18.142,1.1,1769961609713,1
185223100,18.141,0.6,1769961609721,1
185223101,18.14,0.6,1769961609723,1
185223102,18.139,12.9,1769961609725,1
185223103,18.139,16.1,1769961609726,0
185223104,18.14,21.3,1769961609730,0
185223105,18.141,20.9,1769961609730,0
185223106,18.142,4.2,1769961609730,0
185223107,18.143,5.5,1769961609730,0
185223108,18.144,15.1,1769961609730,0
185223109,18.145,18.6,1769961609730,0
185223110,18.146,10.9,1769961609730,0
185223111,18.147,8.8,1769961609730,0
185223112,18.148,11.4,1769961609730,0
185223113,18.149,7.4,1769961609730,0
185223114,18.15,18.9,1769961609730,0
185223115,18.151,22.2,1769961609731,0
185223116,18.152,43.1,1769961609731,0
185223117,18.153,3.3,1769961609733,0
185223118,18.154,1.9,1769961609733,0
185223119,18.155,10.9,1769961609733,0
185223120,18.156,0.6,1769961609733,0
185223121,18.157,0.9,1769961609733,0
185223122,18.158,1.9,1769961609733,0
185223123,18.159,8.5,1769961609733,0
185223124,18.157,5.6,1769961609739,0
185223125,18.16,1.7,1769961609762,0
185223126,18.161,3.2,1769961609764,0
185223127,18.162,1.0,1769961609827,0
185223128,18.163,2.1,1769961609827,0
185223129,18.164,6.5,1769961609827,0
185223130,18.165,1.9,1769961609827,0
185223131,18.166,15.6,1769961609827,0
185223132,18.164,0.6,1769961609907,1
185223133,18.163,0.6,1769961609908,1
185223134,18.162,0.6,1769961609926,1
185223135,18.161,0.6,1769961609937,1
185223136,18.16,0.6,1769961609937,1
185223137,18.159,0.6,1769961609937,1
185223138,18.158,5.7,1769961609937,1
185223139,18.157,0.6,1769961609940,1
185223140,18.156,5.9,1769961609940,1
185223141,18.155,4.4,1769961609940,1
185223142,18.154,27.5,1769961609940,1
185223143,18.157,6.8,1769961609968,0
185223144,18.156,2.7,1769961610055,0
185223145,18.156,3.0,1769961610098,1
185223146,18.155,5.7,1769961610098,1
185223147,18.155,5.7,1769961610118,0
185223148,18.157,14.4,1769961610156,0
185223149,18.156,5.6,1769961610160,1
185223150,18.155,0.6,1769961610162,1
185223151,18.154,0.6,1769961610164,1
185223152,18.153,0.6,1769961610189,1
185223153,18.152,1.6,1769961610198,1
185223154,18.151,0.6,1769961610219,1
185223155,18.151,8.6,1769961610227,0
185223156,18.152,1.9,1769961610227,0
185223157,18.151,0.6,1769961610285,1
185223158,18.15,7.4,1769961610289,1
185223159,18.15,2.7,1769961610304,0
185223160,18.151,3.5,1769961610304,0
185223161,18.153,0.6,1769961610304,0
185223162,18.154,0.6,1769961610304,0
185223163,18.155,0.6,1769961610304,0
185223164,18.156,7.4,1769961610304,0
185223165,18.153,3.0,1769961610347,1
185223166,18.15,5.4,1769961610348,1
185223167,18.149,11.4,1769961610349,1
185223168,18.148,1.6,1769961610355,1
185223169,18.147,5.3,1769961610355,1
185223170,18.146,1.9,1769961610355,1
185223171,18.145,42.5,1769961610355,1
185223172,18.144,3.5,1769961610357,1
185223173,18.144,5.7,1769961610383,0
185223174,18.145,0.6,1769961610385,0
185223175,18.146,2.1,1769961610385,0
185223176,18.145,3.0,1769961610523,1
185223177,18.144,0.6,1769961610530,1
185223178,18.143,4.4,1769961610532,1
185223179,18.142,2.9,1769961610570,1
185223180,18.141,0.6,1769961610572,1
185223181,18.14,9.2,1769961610572,1
185223182,18.139,0.6,1769961610572,1
185223183,18.138,12.0,1769961610572,1
185223184,18.137,11.1,1769961610573,1
185223185,18.136,9.2,1769961610573,1
185223186,18.135,17.2,1769961610591,1
185223187,18.134,1.9,1769961610591,1
185223188,18.133,3.6,1769961610591,1
185223189,18.132,1.6,1769961610591,1
185223190,18.131,6.1,1769961610591,1
185223191,18.131,3.0,1769961610638,0
185223192,18.137,0.6,1769961610675,0
185223193,18.138,0.6,1769961610688,0
185223194,18.139,1.6,1769961610688,0
185223195,18.14,4.6,1769961610688,0
185223196,18.141,2.4,1769961610688,0
185223197,18.142,0.9,1769961610803,0
185223198,18.143,0.6,1769961610803,0
185223199,18.144,0.3,1769961610803,0
185223200,18.14,0.6,1769961610865,1
185223201,18.139,0.6,1769961610870,1
185223202,18.138,0.6,1769961610870,1
185223203,18.137,0.6,1769961610870,1
185223204,18.136,17.3,1769961610871,1
185223205,18.135,0.6,1769961610871,1
185223206,18.134,1.6,1769961610871,1
185223207,18.133,0.9,1769961610872,1
185223208,18.132,1.6,1769961610872,1
185223209,18.133,7.2,1769961610908,0
185223210,18.134,2.7,1769961610908,0
185223211,18.131,3.6,1769961611056,1
185223212,18.13,7.0,1769961611056,1
185223213,18.129,0.6,1769961611056,1
185223214,18.128,5.9,1769961611058,1
185223215,18.127,9.0,1769961611058,1
185223216,18.126,13.9,1769961611058,1
185223217,18.125,6.4,1769961611131,1
185223218,18.124,0.9,1769961611135,1
185223219,18.124,16.4,1769961611161,0
185223220,18.125,82.6,1769961611161,0
185223221,18.127,0.6,1769961611161,0
185223222,18.128,0.6,1769961611161,0
185223223,18.129,10.9,1769961611161,0
185223224,18.13,0.3,1769961611161,0
185223225,18.131,47.3,1769961611161,0
185223226,18.132,31.7,1769961611161,0
185223227,18.129,1.1,1769961611173,0
185223228,18.132,20.8,1769961611248,0
185223229,18.133,1.6,1769961611257,0
185223230,18.134,0.8,1769961611257,0
185223231,18.134,2.9,1769961611379,0
185223232,18.133,4.1,1769961611455,1
185223233,18.132,0.6,1769961611463,1
185223234,18.131,0.6,1769961611513,1
185223235,18.13,0.6,1769961611521,1
185223236,18.13,14.8,1769961611693,0
185223237,18.131,0.6,1769961611701,0
185223238,18.132,0.6,1769961611705,0
185223239,18.133,0.6,1769961611724,0
185223240,18.134,7.2,1769961611727,0
185223241,18.133,0.8,1769961611748,1
185223242,18.134,4.6,1769961611830,0
185223243,18.132,0.6,1769961611936,1
185223244,18.131,0.6,1769961611936,1
185223245,18.13,1.6,1769961611936,1
185223246,18.129,0.6,1769961611937,1
185223247,18.128,3.2,1769961611937,1
185223248,18.127,5.6,1769961611937,1
185223249,18.126,2.7,1769961611937,1
185223250,18.125,5.6,1769961611937,1
185223251,18.124,0.6,1769961611939,1
185223252,18.123,14.4,1769961611939,1
185223253,18.122,0.6,1769961611940,1
185223254,18.121,12.8,1769961611940,1
185223255,18.12,20.0,1769961611940,1
185223256,18.119,17.2,1769961611940,1
185223257,18.118,2.1,1769961611941,1
185223258,18.117,17.5,1769961611941,1
185223259,18.116,1.6,1769961612008,1
185223260,18.116,0.8,1769961612126,0
185223261,18.115,4.9,1769961612172,1
185223262,18.116,4.7,1769961612193,0
185223263,18.117,0.2,1769961612193,0
185223264,18.116,1.9,1769961612213,1
185223265,18.115,7.7,1769961612213,1
185223266,18.116,6.8,1769961612218,0
185223267,18.117,9.9,1769961612240,0
185223268,18.116,3.0,1769961612297,1
185223269,18.115,0.5,1769961612297,1
185223270,18.114,24.3,1769961612297,1
185223271,18.113,1.0,1769961612382,1
185223272,18.116,10.0,1769961612383,0
185223273,18.117,5.0,1769961612383,0
185223274,18.112,4.2,1769961612384,1
185223275,18.111,52.2,1769961612384,1
185223276,18.11,2.7,1769961612384,1
185223277,18.109,0.3,1769961612402,1
185223278,18.11,5.3,1769961612460,0
185223279,18.112,0.6,1769961612461,0
185223280,18.113,8.7,1769961612461,0
185223281,18.114,1.1,1769961612461,0
185223282,18.115,8.8,1769961612461,0
185223283,18.116,37.0,1769961612462,0
185223284,18.117,16.8,1769961612463,0
185223285,18.113,0.7,1769961612465,0
185223286,18.112,14.7,1769961612466,1
185223287,18.11,6.6,1769961612466,1
185223288,18.109,256.8,1769961612466,1
185223289,18.108,19.5,1769961612467,1
185223290,18.107,30.6,1769961612467,1
185223291,18.106,6.0,1769961612469,1
185223292,18.105,1.9,1769961612469,1
185223293,18.105,1.1,1769961612470,0
185223294,18.104,27.5,1769961612471,1
185223295,18.104,2.4,1769961612480,0
185223296,18.105,7.2,1769961612537,0
185223297,18.106,0.9,1769961612797,0
185223298,18.105,2.4,1769961612886,1
185223299,18.104,0.6,1769961612886,1
185223300,18.103,9.1,1769961612886,1
185223301,18.102,3.1,1769961612888,1
185223302,18.101,0.6,1769961612889,1
185223303,18.1,3.7,1769961612889,1
185223304,18.099,2.5,1769961612889,1
185223305,18.098,28.2,1769961612891,1
185223306,18.097,1.3,1769961612891,1
185223307,18.096,0.4,1769961612893,1
185223308,18.097,20.3,1769961612894,0
185223309,18.098,1.7,1769961612971,0
185223310,18.099,5.0,1769961612971,0
185223311,18.1,7.4,1769961612971,0
185223312,18.101,1.0,1769961612971,0
185223313,18.102,7.7,1769961612971,0
185223314,18.103,4.8,1769961612971,0
185223315,18.097,2.7,1769961612972,1
185223316,18.101,5.5,1769961613019,0
185223317,18.103,1.0,1769961613030,0
185223318,18.104,1.4,1769961613030,0
185223319,18.103,2.6,1769961613127,1
185223320,18.102,14.1,1769961613127,1
185223321,18.104,1.3,1769961613139,0
185223322,18.105,1.9,1769961613139,0
185223323,18.106,7.4,1769961613139,0
185223324,18.107,1.6,1769961613193,0
185223325,18.108,0.6,1769961613193,0
185223326,18.109,11.0,1769961613193,0
185223327,18.11,4.0,1769961613193,0
185223328,18.111,9.0,1769961613193,0
185223329,18.112,11.3,1769961613193,0
185223330,18.107,2.6,1769961613220,1
185223331,18.106,11.3,1769961613220,1
185223332,18.105,7.2,1769961613220,1
185223333,18.104,26.6,1769961613221,1
185223334,18.103,2.2,1769961613222,1
185223335,18.102,0.6,1769961613222,1
185223336,18.101,0.6,1769961613222,1
185223337,18.1,0.6,1769961613222,1
185223338,18.102,2.6,1769961613223,0
185223339,18.103,2.6,1769961613223,0
185223340,18.099,13.0,1769961613224,1
185223341,18.098,5.9,1769961613224,1
185223342,18.097,11.6,1769961613224,1
185223343,18.096,5.9,1769961613224,1
185223344,18.095,20.3,1769961613224,1
185223345,18.094,9.4,1769961613224,1
185223346,18.093,10.3,1769961613224,1
185223347,18.092,30.1,1769961613224,1
185223348,18.091,5.6,1769961613224,1
185223349,18.09,8.4,1769961613224,1
185223350,18.089,14.2,1769961613224,1
185223351,18.088,15.7,1769961613224,1
185223352,18.087,14.9,1769961613224,1
185223353,18.086,40.2,1769961613224,1
185223354,18.085,10.0,1769961613224,1
185223355,18.084,16.5,1769961613224,1
185223356,18.083,15.6,1769961613224,1
185223357,18.082,20.0,1769961613224,1
185223358,18.081,8.9,1769961613224,1
185223359,18.083,4.3,1769961613226,1
185223360,18.082,2.6,1769961613226,1
185223361,18.081,8.0,1769961613226,1
185223362,18.08,2.6,1769961613226,1
185223363,18.079,26.1,1769961613226,1
185223364,18.078,30.9,1769961613226,1
185223365,18.086,3.2,1769961613229,1
185223366,18.084,5.6,1769961613233,0
185223367,18.085,10.1,1769961613256,0
185223368,18.087,3.3,1769961613258,0
185223369,18.091,1.0,1769961613268,0
185223370,18.091,6.2,1769961613269,1
185223371,18.09,8.7,1769961613269,1
185223372,18.089,7.2,1769961613269,1
185223373,18.088,18.6,1769961613269,1
185223374,18.088,10.9,1769961613269,0
185223375,18.091,34.2,1769961613301,0
185223376,18.092,8.3,1769961613301,0
185223377,18.093,1.6,1769961613301,0
185223378,18.094,5.0,1769961613301,0
185223379,18.095,4.5,1769961613329,0
185223380,18.095,2.1,1769961613340,1
185223381,18.096,0.6,1769961613358,0
185223382,18.097,0.6,1769961613358,0
185223383,18.098,0.9,1769961613358,0
185223384,18.097,2.8,1769961613544,1
185223385,18.096,0.6,1769961613617,1
185223386,18.095,4.8,1769961613617,1
185223387,18.094,3.1,1769961613618,1
185223388,18.093,0.6,1769961613618,1
185223389,18.092,6.4,1769961613618,1
185223390,18.091,5.4,1769961613618,1
185223391,18.094,0.4,1769961613630,0
185223392,18.098,0.9,1769961613868,0
185223393,18.099,0.6,1769961613868,0
185223394,18.1,6.8,1769961613868,0
185223395,18.101,6.6,1769961613868,0
185223396,18.102,1.0,1769961613868,0
185223397,18.103,9.5,1769961613868,0
185223398,18.104,4.6,1769961613868,0
185223399,18.101,4.5,1769961613961,1
185223400,18.102,1.8,1769961614122,0
185223401,18.103,9.3,1769961614169,0
185223402,18.104,3.4,1769961614169,0
185223403,18.105,6.6,1769961614169,0
185223404,18.106,9.1,1769961614169,0
185223405,18.107,1.5,1769961614264,0
185223406,18.108,5.6,1769961614264,0
185223407,18.109,10.1,1769961614264,0
185223408,18.11,8.8,1769961614264,0
185223409,18.111,4.5,1769961614265,0
185223410,18.112,3.2,1769961614265,0
185223411,18.113,8.4,1769961614265,0
185223412,18.114,15.1,1769961614265,0
185223413,18.115,31.6,1769961614265,0
185223414,18.116,0.6,1769961614265,0
185223415,18.114,1.1,1769961614316,0
185223416,18.115,1.0,1769961614316,0
185223417,18.117,2.2,1769961614316,0
185223418,18.118,2.7,1769961614316,0
185223419,18.119,45.2,1769961614317,0
185223420,18.12,6.0,1769961614317,0
185223421,18.121,1.2,1769961614317,0
185223422,18.119,0.6,1769961614459,1
185223423,18.118,0.6,1769961614461,1
185223424,18.117,0.6,1769961614464,1
185223425,18.116,2.0,1769961614466,1
185223426,18.118,1.4,1769961614503,1
185223427,18.117,0.6,1769961614524,1
185223428,18.116,0.6,1769961614526,1
185223429,18.115,3.8,1769961614605,1
185223430,18.114,2.8,1769961614605,1
185223431,18.113,1.7,1769961614605,1
185223432,18.112,1.6,1769961614605,1
185223433,18.111,0.1,1769961614605,1
185223434,18.116,19.9,1769961614795,0
185223435,18.115,4.8,1769961614856,1
185223436,18.116,17.4,1769961614976,0
185223437,18.116,3.9,1769961615127,0
185223438,18.115,17.6,1769961615179,1
185223439,18.114,7.8,1769961615236,1
185223440,18.113,0.6,1769961615236,1
185223441,18.112,0.6,1769961615236,1
185223442,18.111,8.4,1769961615236,1
185223443,18.11,19.4,1769961615236,1
185223444,18.109,0.9,1769961615236,1
185223445,18.108,12.9,1769961615236,1
185223446,18.107,4.8,1769961615236,1
185223447,18.106,1.9,1769961615236,1
185223448,18.105,10.4,1769961615236,1
185223449,18.113,1.6,1769961615310,0
185223450,18.113,2.8,1769961615341,1
185223451,18.113,2.6,1769961615625,1
185223452,18.112,1.4,1769961615625,1
185223453,18.111,14.2,1769961615625,1
185223454,18.11,0.6,1769961615719,1
185223455,18.109,0.6,1769961615726,1
185223456,18.108,0.6,1769961615726,1
185223457,18.114,6.1,1769961615742,0
185223458,18.115,1.6,1769961615743,0
185223459,18.116,0.9,1769961615743,0
185223460,18.117,11.4,1769961615755,0
185223461,18.118,0.8,1769961615765,0
185223462,18.114,5.4,1769961615771,1
185223463,18.118,9.6,1769961615777,0
185223464,18.119,7.5,1769961615781,0
185223465,18.116,1.4,1769961615836,0
185223466,18.115,3.2,1769961615926,0
185223467,18.116,0.3,1769961615926,0
185223468,18.117,0.3,1769961615926,0
185223469,18.115,2.6,1769961615948,1
185223470,18.113,1.7,1769961615948,1
185223471,18.112,4.2,1769961615948,1
185223472,18.111,0.6,1769961616020,1
185223473,18.11,0.6,1769961616020,1
185223474,18.109,7.1,1769961616020,1
185223475,18.114,0.4,1769961616176,0
185223476,18.112,1.0,1769961616191,1
185223477,18.112,8.2,1769961616369,1
185223478,18.113,2.8,1769961616494,0
185223479,18.112,71.9,1769961616606,1
185223480,18.111,0.6,1769961616606,1
185223481,18.11,0.6,1769961616606,1
185223482,18.109,4.9,1769961616609,1
185223483,18.108,4.2,1769961616685,1
185223484,18.107,0.6,1769961616687,1
185223485,18.106,0.6,1769961616689,1
185223486,18.106,2.4,1769961616712,0
185223487,18.105,13.4,1769961616768,1
185223488,18.104,0.6,1769961616831,1
185223489,18.103,0.6,1769961616831,1
185223490,18.102,3.7,1769961616831,1
185223491,18.101,0.6,1769961616831,1
185223492,18.1,11.0,1769961616831,1
185223493,18.099,5.3,1769961616831,1
185223494,18.098,7.2,1769961616831,1
185223495,18.097,16.0,1769961616831,1
185223496,18.096,6.4,1769961616831,1
185223497,18.095,32.4,1769961616831,1
185223498,18.094,11.3,1769961616831,1
185223499,18.093,8.9,1769961616831,1
185223500,18.092,29.1,1769961616831,1
185223501,18.091,8.7,1769961616831,1
185223502,18.09,15.9,1769961616831,1
185223503,18.089,14.4,1769961616831,1
185223504,18.088,11.1,1769961616831,1
185223505,18.087,17.9,1769961616831,1
185223506,18.093,1.9,1769961616873,1
185223507,18.096,0.6,1769961616944,0
185223508,18.097,0.6,1769961616945,0
185223509,18.098,1.7,1769961616947,0
185223510,18.099,0.6,1769961616947,0
185223511,18.1,12.0,1769961617009,0
185223512,18.101,3.7,1769961617009,0
185223513,18.103,6.8,1769961617009,0
185223514,18.104,33.4,1769961617009,0
185223515,18.105,11.1,1769961617009,0
185223516,18.106,31.5,1769961617009,0
185223517,18.107,1.9,1769961617009,0
185223518,18.108,12.8,1769961617009,0
185223519,18.109,14.8,1769961617009,0
185223520,18.11,19.2,1769961617009,0
185223521,18.111,16.0,1769961617009,0
185223522,18.104,3.2,1769961617017,1
185223523,18.103,1.4,1769961617017,1
185223524,18.102,3.8,1769961617017,1
185223525,18.101,1.1,1769961617017,1
185223526,18.1,2.7,1769961617050,0
185223527,18.101,2.8,1769961617050,0
185223528,18.1,3.8,1769961617092,1
185223529,18.099,1.4,1769961617113,1
185223530,18.098,0.6,1769961617114,1
185223531,18.097,0.6,1769961617116,1
185223532,18.096,0.6,1769961617118,1
185223533,18.096,2.0,1769961617153,0
185223534,18.095,2.5,1769961617288,1
185223535,18.094,0.6,1769961617292,1
185223536,18.094,0.3,1769961617336,0
185223537,18.093,0.6,1769961617341,1
185223538,18.094,12.6,1769961617438,0
185223539,18.095,0.6,1769961617440,0
185223540,18.096,3.0,1769961617440,0
185223541,18.094,11.0,1769961617484,1
185223542,18.094,4.9,1769961617595,1
185223543,18.093,7.9,1769961617595,1
185223544,18.093,10.0,1769961617609,0
185223545,18.092,3.3,1769961617693,1
185223546,18.092,1.9,1769961617858,1
185223547,18.091,0.6,1769961617858,1
185223548,18.09,0.6,1769961617858,1
185223549,18.089,2.8,1769961617858,1
185223550,18.088,10.6,1769961617858,1
185223551,18.09,10.8,1769961617865,0
185223552,18.093,0.5,1769961617877,0
185223553,18.093,7.2,1769961617972,1
185223554,18.092,10.1,1769961617972,1
185223555,18.093,8.3,1769961617973,1
185223556,18.091,7.2,1769961617973,1
185223557,18.09,0.6,1769961617975,1
185223558,18.089,7.8,1769961617975,1
185223559,18.088,18.6,1769961617975,1
185223560,18.087,0.9,1769961617975,1
185223561,18.086,0.6,1769961617975,1
185223562,18.086,0.8,1769961617980,0
185223563,18.085,8.3,1769961618046,1
185223564,18.086,5.5,1769961618065,0
185223565,18.087,0.6,1769961618121,0
185223566,18.088,1.8,1769961618121,0
185223567,18.089,1.3,1769961618143,0
185223568,18.088,7.2,1769961618230,1
185223569,18.088,0.6,1769961618255,0
185223570,18.087,0.5,1769961618305,1
185223571,18.088,2.4,1769961618419,0
185223572,18.087,0.1,1769961618455,1
185223573,18.086,0.6,1769961618457,1
185223574,18.085,5.6,1769961618514,1
185223575,18.084,13.1,1769961618516,1
185223576,18.083,1.7,1769961618516,1
185223577,18.082,2.9,1769961618517,1
185223578,18.082,10.8,1769961618540,0
185223579,18.084,3.8,1769961618542,0
185223580,18.085,6.3,1769961618556,0
185223581,18.086,2.9,1769961618583,0
185223582,18.087,8.7,1769961618583,0
185223583,18.088,53.0,1769961618583,0
185223584,18.089,8.5,1769961618583,0
185223585,18.09,6.3,1769961618583,0
185223586,18.091,6.9,1769961618583,0
185223587,18.092,16.7,1769961618583,0
185223588,18.093,6.9,1769961618583,0
185223589,18.094,7.9,1769961618583,0
185223590,18.095,47.4,1769961618583,0
185223591,18.096,35.7,1769961618583,0
185223592,18.097,1.6,1769961618583,0
185223593,18.098,3.2,1769961618583,0
185223594,18.099,11.2,1769961618583,0
185223595,18.1,12.5,1769961618583,0
185223596,18.09,3.4,1769961618612,0
185223597,18.095,0.6,1769961618700,0
185223598,18.094,1.5,1769961618726,1
185223599,18.093,2.1,1769961618726,1
185223600,18.092,0.6,1769961618726,1
185223601,18.091,7.8,1769961618726,1
185223602,18.09,0.6,1769961618726,1
185223603,18.089,9.1,1769961618726,1
185223604,18.093,1.3,1769961618805,0
185223605,18.089,7.5,1769961618943,1
185223606,18.088,15.7,1769961618943,1
185223607,18.087,7.2,1769961618943,1
185223608,18.086,0.6,1769961618945,1
185223609,18.085,11.4,1769961618945,1
185223610,18.084,14.0,1769961618945,1
185223611,18.083,7.5,1769961618967,1
185223612,18.082,10.0,1769961618969,1
185223613,18.081,1.3,1769961618969,1
185223614,18.08,4.0,1769961618969,1
185223615,18.079,4.0,1769961618969,1
185223616,18.078,3.4,1769961618969,1
185223617,18.084,0.6,1769961618987,1
185223618,18.082,0.6,1769961618987,1
185223619,18.081,0.6,1769961618987,1
185223620,18.08,3.5,1769961618987,1
185223621,18.08,0.5,1769961619098,1
185223622,18.082,4.2,1769961619240,0
185223623,18.083,0.6,1769961619241,0
185223624,18.084,0.6,1769961619241,0
185223625,18.085,16.4,1769961619241,0
185223626,18.086,0.6,1769961619241,0
185223627,18.087,1.6,1769961619241,0
185223628,18.088,3.5,1769961619241,0
185223629,18.083,3.2,1769961619265,1
185223630,18.082,4.0,1769961619265,1
185223631,18.081,8.1,1769961619265,1
185223632,18.08,18.1,1769961619265,1
185223633,18.079,1.7,1769961619266,1
185223634,18.078,14.5,1769961619266,1
185223635,18.077,10.0,1769961619266,1
185223636,18.076,42.5,1769961619266,1
185223637,18.075,13.6,1769961619322,1
185223638,18.077,0.6,1769961619349,0
185223639,18.078,1.4,1769961619351,0
185223640,18.08,1.1,1769961619422,0
185223641,18.081,1.6,1769961619431,0
185223642,18.082,27.1,1769961619431,0
185223643,18.083,1.6,1769961619433,0
185223644,18.084,0.6,1769961619433,0
185223645,18.085,1.8,1769961619434,0
185223646,18.084,5.6,1769961619473,1
185223647,18.083,2.8,1769961619473,1
185223648,18.086,11.1,1769961619481,0
185223649,18.087,609.8,1769961619488,0
185223650,18.086,14.2,1769961619492,0
185223651,18.088,0.6,1769961619492,0
185223652,18.089,1.6,1769961619492,0
185223653,18.09,9.1,1769961619492,0
185223654,18.091,1.6,1769961619492,0
185223655,18.092,1.2,1769961619492,0
185223656,18.093,8.1,1769961619492,0
185223657,18.094,0.6,1769961619492,0
185223658,18.095,7.5,1769961619492,0
185223659,18.096,8.8,1769961619492,0
185223660,18.093,0.6,1769961619497,0
185223661,18.092,0.6,1769961619527,1
185223662,18.093,1.4,1769961619553,0
185223663,18.095,1.0,1769961619581,0
185223664,18.096,0.6,1769961619581,0
185223665,18.097,1.0,1769961619582,0
185223666,18.097,11.5,1769961619909,0
185223667,18.098,0.6,1769961619909,0
185223668,18.099,9.3,1769961619909,0
185223669,18.1,1.8,1769961619909,0
185223670,18.101,6.6,1769961619909,0
185223671,18.102,7.6,1769961619909,0
185223672,18.096,13.7,1769961619942,1
185223673,18.095,4.7,1769961619979,1
185223674,18.094,10.2,1769961619979,1
185223675,18.093,10.2,1769961619979,1
185223676,18.092,23.4,1769961619979,1
185223677,18.091,28.6,1769961619979,1
185223678,18.09,6.3,1769961619979,1
185223679,18.09,184.6,1769961619981,0
185223680,18.094,1.1,1769961619984,0
185223681,18.096,1.1,1769961619993,0
185223682,18.098,19.2,1769961620035,1
185223683,18.097,4.1,1769961620035,1
185223684,18.096,15.6,1769961620035,1
185223685,18.099,26.1,1769961620076,0
185223686,18.1,2.6,1769961620208,1
185223687,18.1,1.8,1769961620329,0
185223688,18.099,5.1,1769961620437,1
185223689,18.099,1.7,1769961620561,1
185223690,18.098,0.6,1769961620568,1
185223691,18.097,8.9,1769961620570,1
185223692,18.097,25.9,1769961620623,0
185223693,18.098,7.2,1769961620623,0
185223694,18.099,9.1,1769961620623,0
185223695,18.1,8.6,1769961620623,0
185223696,18.098,7.6,1769961620708,1
185223697,18.097,6.7,1769961620803,1
185223698,18.097,5.0,1769961621015,1
185223699,18.096,14.3,1769961621100,1
185223700,18.095,18.2,1769961621100,1
185223701,18.094,1.6,1769961621100,1
185223702,18.093,0.6,1769961621100,1
185223703,18.092,5.4,1769961621100,1
185223704,18.091,3.2,1769961621100,1
185223705,18.09,15.0,1769961621100,1
185223706,18.089,11.6,1769961621100,1
185223707,18.088,1.6,1769961621100,1
185223708,18.087,5.9,1769961621100,1
185223709,18.086,6.1,1769961621100,1
185223710,18.085,12.6,1769961621100,1
185223711,18.084,26.0,1769961621100,1
185223712,18.083,9.4,1769961621100,1
185223713,18.082,55.7,1769961621100,1
185223714,18.081,24.0,1769961621100,1
185223715,18.08,36.4,1769961621100,1
185223716,18.079,7.7,1769961621100,1
185223717,18.078,16.8,1769961621100,1
185223718,18.077,3.7,1769961621100,1
185223719,18.094,1.1,1769961621102,1
185223720,18.08,1.6,1769961621103,1
185223721,18.079,1.1,1769961621103,1
185223722,18.077,8.2,1769961621103,1
185223723,18.076,5.6,1769961621103,1
185223724,18.079,1.1,1769961621107,0
185223725,18.078,1.9,1769961621108,0
185223726,18.08,0.6,1769961621131,0
185223727,18.081,3.3,1769961621132,0
185223728,18.082,2.9,1769961621132,0
185223729,18.082,0.5,1769961621169,1
185223730,18.081,0.6,1769961621238,1
185223731,18.08,4.8,1769961621238,1
185223732,18.079,2.0,1769961621238,1
185223733,18.078,1.6,1769961621238,1
185223734,18.08,0.3,1769961621317,1
185223735,18.083,0.6,1769961621322,0
185223736,18.084,0.6,1769961621324,0
185223737,18.085,0.6,1769961621328,0
185223738,18.085,6.6,1769961621328,1
185223739,18.084,9.8,1769961621328,1
185223740,18.083,10.5,1769961621328,1
185223741,18.082,6.6,1769961621328,1
185223742,18.086,1.2,1769961621385,0
185223743,18.085,4.7,1769961621494,0
185223744,18.086,6.1,1769961621494,0
185223745,18.084,3.7,1769961621501,1
185223746,18.083,0.6,1769961621501,1
185223747,18.082,2.0,1769961621501,1
185223748,18.082,9.5,1769961621679,0
185223749,18.083,4.5,1769961621729,0
185223750,18.084,6.7,1769961621729,0
185223751,18.083,3.0,1769961621743,1
185223752,18.082,7.2,1769961621743,1
185223753,18.081,7.8,1769961621743,1
185223754,18.08,1.6,1769961621743,1
185223755,18.079,3.2,1769961621743,1
185223756,18.078,10.2,1769961621743,1
185223757,18.077,9.2,1769961621743,1
185223758,18.076,14.8,1769961621743,1
185223759,18.075,9.6,1769961621743,1
185223760,18.074,4.3,1769961621743,1
185223761,18.073,11.5,1769961621743,1
185223762,18.072,20.0,1769961621743,1
185223763,18.071,17.6,1769961621743,1
185223764,18.07,40.9,1769961621743,1
185223765,18.069,12.8,1769961621743,1
185223766,18.068,15.6,1769961621743,1
185223767,18.067,25.9,1769961621743,1
185223768,18.066,20.7,1769961621743,1
185223769,18.065,6.8,1769961621743,1
185223770,18.072,0.4,1769961621745,1
185223771,18.073,3.5,1769961621749,0
185223772,18.074,0.6,1769961621761,0
185223773,18.075,1.7,1769961621763,0
185223774,18.075,19.5,1769961621775,1
185223775,18.075,2.7,1769961621808,0
185223776,18.075,28.2,1769961622092,0
185223777,18.074,47.1,1769961622103,1
185223778,18.074,19.8,1769961622220,1
185223779,18.075,1.5,1769961622233,0
185223780,18.076,1.0,1769961622307,0
185223781,18.074,0.6,1769961622344,1
185223782,18.073,14.3,1769961622344,1
185223783,18.072,1.6,1769961622344,1
185223784,18.071,0.6,1769961622346,1
185223785,18.07,14.0,1769961622346,1
185223786,18.069,0.6,1769961622346,1
185223787,18.069,5.4,1769961622369,0
185223788,18.07,0.6,1769961622428,0
185223789,18.071,0.6,1769961622489,0
185223790,18.072,0.6,1769961622489,0
185223791,18.074,0.9,1769961622489,0
185223792,18.075,3.0,1769961622489,0
185223793,18.076,23.6,1769961622489,0
185223794,18.075,2.4,1769961622500,1
185223795,18.073,5.8,1769961622500,1
185223796,18.072,10.1,1769961622500,1
185223797,18.071,0.7,1769961622500,1
185223798,18.076,1.1,1769961622517,0
185223799,18.077,1.9,1769961622517,0
185223800,18.078,1.5,1769961622517,0
185223801,18.079,1.6,1769961622517,0
185223802,18.08,7.0,1769961622517,0
185223803,18.074,3.0,1769961622558,1
185223804,18.071,35.2,1769961622579,1
185223805,18.07,0.6,1769961622607,1
185223806,18.069,0.6,1769961622607,1
185223807,18.068,2.6,1769961622608,1
185223808,18.067,0.6,1769961622665,1
185223809,18.066,1.6,1769961622665,1
185223810,18.065,1.2,1769961622665,1
185223811,18.064,13.8,1769961622665,1
185223812,18.063,17.7,1769961622666,1
185223813,18.062,4.6,1769961622666,1
185223814,18.061,17.2,1769961622684,1
185223815,18.06,3.0,1769961622686,1
185223816,18.059,1.2,1769961622783,1
185223817,18.058,98.5,1769961622783,1
185223818,18.057,1.0,1769961622783,1
185223819,18.056,3.2,1769961622783,1
185223820,18.055,3.0,1769961622785,1
185223821,18.054,3.2,1769961622787,1
185223822,18.054,17.2,1769961622879,0
185223823,18.055,15.4,1769961622879,0
185223824,18.056,3.1,1769961622879,0
185223825,18.057,16.2,1769961622879,0
185223826,18.058,46.1,1769961622879,0
185223827,18.059,12.5,1769961622879,0
185223828,18.06,41.5,1769961622879,0
185223829,18.061,14.1,1769961622879,0
185223830,18.062,32.8,1769961622879,0
185223831,18.063,32.0,1769961622879,0
185223832,18.064,20.7,1769961622879,0
185223833,18.065,13.0,1769961622879,0
185223834,18.053,5.6,1769961622879,1
185223835,18.052,3.0,1769961622879,1
185223836,18.051,10.5,1769961622879,1
185223837,18.05,24.9,1769961622879,1
185223838,18.049,1.4,1769961622880,1
185223839,18.049,4.0,1769961622881,0
185223840,18.05,3.2,1769961622881,0
185223841,18.048,1.9,1769961622881,1
185223842,18.047,5.4,1769961622881,1
185223843,18.046,10.0,1769961622881,1
185223844,18.045,9.7,1769961622881,1
185223845,18.044,18.8,1769961622881,1
185223846,18.05,5.3,1769961622882,0
185223847,18.051,5.3,1769961622882,0
185223848,18.052,12.1,1769961622882,0
185223849,18.053,4.6,1769961622882,1
185223850,18.052,4.7,1769961622882,1
185223851,18.05,0.4,1769961622884,1
185223852,18.051,1.1,1769961622884,1
185223853,18.049,4.7,1769961622884,1
185223854,18.048,4.3,1769961622912,1
185223855,18.047,0.6,1769961622914,1
185223856,18.046,1.6,1769961622914,1
185223857,18.045,0.6,1769961622917,1
185223858,18.044,29.5,1769961622920,1
185223859,18.043,2.2,1769961622920,1
185223860,18.042,10.4,1769961622920,1
185223861,18.043,4.6,1769961622924,0
185223862,18.047,1.1,1769961622932,0
185223863,18.048,0.6,1769961622948,0
185223864,18.049,0.6,1769961622953,0
185223865,18.05,0.6,1769961622953,0
185223866,18.05,7.0,1769961622958,1
185223867,18.05,23.5,1769961623094,1
185223868,18.049,2.7,1769961623133,1
185223869,18.048,2.3,1769961623135,1
185223870,18.047,0.6,1769961623218,1
185223871,18.046,4.1,1769961623218,1
185223872,18.045,4.2,1769961623218,1
185223873,18.044,7.8,1769961623218,1
185223874,18.043,0.6,1769961623218,1
185223875,18.042,4.0,1769961623218,1
185223876,18.041,33.1,1769961623218,1
185223877,18.04,6.9,1769961623218,1
185223878,18.039,5.9,1769961623218,1
185223879,18.038,12.2,1769961623218,1
185223880,18.037,15.6,1769961623218,1
185223881,18.036,14.9,1769961623218,1
185223882,18.035,30.0,1769961623218,1
185223883,18.034,24.4,1769961623218,1
185223884,18.033,61.6,1769961623218,1
185223885,18.032,12.6,1769961623218,1
185223886,18.031,3.8,1769961623218,1
185223887,18.037,0.4,1769961623220,1
185223888,18.038,2.4,1769961623220,0
185223889,18.04,0.5,1769961623220,0
185223890,18.038,4.5,1769961623221,0
185223891,18.04,4.0,1769961623221,0
185223892,18.042,4.5,1769961623221,0
185223893,18.043,7.0,1769961623221,0
185223894,18.044,29.4,1769961623221,0
185223895,18.046,10.3,1769961623221,0
185223896,18.048,75.0,1769961623221,0
185223897,18.049,24.3,1769961623221,0
185223898,18.05,4.5,1769961623221,0
185223899,18.051,1.9,1769961623221,0
185223900,18.041,7.7,1769961623225,0
185223901,18.045,3.4,1769961623233,0
185223902,18.045,11.4,1769961623245,1
185223903,18.044,2.3,1769961623330,1
185223904,18.043,12.4,1769961623330,1
185223905,18.042,0.6,1769961623330,1
185223906,18.041,8.6,1769961623330,1
185223907,18.04,6.5,1769961623330,1
185223908,18.039,15.1,1769961623330,1
185223909,18.038,13.6,1769961623330,1
185223910,18.037,11.3,1769961623330,1
185223911,18.036,6.0,1769961623330,1
185223912,18.035,13.7,1769961623330,1
185223913,18.034,24.6,1769961623330,1
185223914,18.033,18.1,1769961623330,1
185223915,18.032,44.2,1769961623330,1
185223916,18.031,2.3,1769961623330,1
185223917,18.043,0.6,1769961623369,0
185223918,18.044,7.0,1769961623379,1
185223919,18.045,2.2,1769961623406,0
185223920,18.046,1.7,1769961623409,0
185223921,18.047,1.6,1769961623409,0
185223922,18.048,8.2,1769961623409,0
185223923,18.049,32.9,1769961623450,0
185223924,18.05,1.2,1769961623518,0
185223925,18.049,2.0,1769961623608,1
185223926,18.048,0.5,1769961623608,1
185223927,18.05,0.8,1769961623634,0
185223928,18.048,0.1,1769961623700,1
185223929,18.047,4.8,1769961623700,1
185223930,18.046,5.6,1769961623700,1
185223931,18.045,1.5,1769961623725,1
185223932,18.046,8.2,1769961623743,1
185223933,18.045,5.7,1769961623751,1
185223934,18.049,5.4,1769961623768,0
185223935,18.05,3.0,1769961623805,0
185223936,18.05,4.2,1769961623808,1
185223937,18.049,7.3,1769961623808,1
185223938,18.048,0.6,1769961623808,1
185223939,18.047,3.2,1769961623808,1
185223940,18.046,2.1,1769961623808,1
185223941,18.051,1.6,1769961623907,0
185223942,18.052,0.6,1769961623909,0
185223943,18.051,7.8,1769961623948,1
185223944,18.05,0.6,1769961623950,1
185223945,18.049,0.6,1769961623950,1
185223946,18.048,1.2,1769961623950,1
185223947,18.048,9.3,1769961624074,0
185223948,18.049,7.8,1769961624074,0
185223949,18.05,6.4,1769961624089,0
185223950,18.051,0.6,1769961624171,0
185223951,18.052,1.6,1769961624173,0
185223952,18.051,4.9,1769961624196,1
185223953,18.052,2.7,1769961624246,0
185223954,18.051,7.5,1769961624261,1
185223955,18.05,1.9,1769961624261,1
185223956,18.049,11.7,1769961624261,1
185223957,18.048,9.6,1769961624261,1
185223958,18.05,0.6,1769961624281,0
185223959,18.052,3.9,1769961624281,0
185223960,18.053,0.5,1769961624281,0
185223961,18.052,2.5,1769961624329,0
185223962,18.049,4.4,1769961624368,1
185223963,18.048,10.2,1769961624368,1
185223964,18.047,1.9,1769961624368,1
185223965,18.052,3.8,1769961624456,0
185223966,18.053,9.8,1769961624456,0
185223967,18.054,7.8,1769961624456,0
185223968,18.055,1.6,1769961624460,0
185223969,18.056,0.6,1769961624460,0
185223970,18.057,0.2,1769961624460,0
185223971,18.047,3.0,1769961624565,1
185223972,18.047,1.1,1769961624984,1
185223973,18.051,15.2,1769961625069,0
185223974,18.052,8.3,1769961625069,0
185223975,18.053,8.8,1769961625069,0
185223976,18.054,27.1,1769961625069,0
185223977,18.055,1.6,1769961625078,0
185223978,18.056,0.6,1769961625078,0
185223979,18.057,9.8,1769961625078,0
185223980,18.058,1.8,1769961625143,0
185223981,18.058,11.9,1769961625355,0
185223982,18.059,2.2,1769961625358,0
185223983,18.06,17.7,1769961625358,0
185223984,18.061,1.6,1769961625359,0
185223985,18.06,0.6,1769961625621,1
185223986,18.059,0.4,1769961625621,1
185223987,18.061,1.0,1769961625625,0
185223988,18.059,0.2,1769961625639,1
185223989,18.058,11.6,1769961625639,1
185223990,18.06,2.4,1769961625692,0
185223991,18.061,1.6,1769961625692,0
185223992,18.062,15.2,1769961625692,0
185223993,18.063,1.6,1769961625692,0
185223994,18.064,5.6,1769961625692,0
185223995,18.065,1.9,1769961625705,0
185223996,18.066,1.6,1769961625705,0
185223997,18.067,5.6,1769961625705,0
185223998,18.068,2.8,1769961625705,0
185223999,18.069,7.2,1769961625705,0
185224000,18.07,0.6,1769961625706,0
185224001,18.071,6.6,1769961625706,0
185224002,18.072,8.2,1769961625706,0
185224003,18.072,1.0,1769961625737,1
185224004,18.073,1.6,1769961625772,0
185224005,18.073,9.3,1769961625782,1
185224006,18.073,7.8,1769961625801,0
185224007,18.074,1.2,1769961625811,0
185224008,18.075,2.2,1769961625811,0
185224009,18.076,0.2,1769961625811,0
185224010,18.075,8.4,1769961625922,1
185224011,18.074,1.6,1769961625922,1
185224012,18.076,0.4,1769961625947,0
185224013,18.075,1.8,1769961626007,1
185224014,18.074,9.7,1769961626007,1
185224015,18.075,19.4,1769961626026,1
185224016,18.074,5.0,1769961626133,0
185224017,18.075,0.6,1769961626133,0
185224018,18.075,20.9,1769961626135,1
185224019,18.075,0.4,1769961626270,0
185224020,18.074,10.2,1769961626299,1
185224021,18.073,4.8,1769961626299,1
185224022,18.072,5.8,1769961626299,1
185224023,18.071,4.1,1769961626299,1
185224024,18.07,9.6,1769961626299,1
185224025,18.069,10.1,1769961626299,1
185224026,18.068,8.6,1769961626299,1
185224027,18.067,12.2,1769961626299,1
185224028,18.074,0.6,1769961626423,0
185224029,18.071,3.7,1769961626596,0
185224030,18.072,0.6,1769961626596,0
185224031,18.073,1.6,1769961626596,0
185224032,18.074,2.6,1769961626596,0
185224033,18.075,6.0,1769961626596,0
185224034,18.076,7.2,1769961626596,0
185224035,18.07,6.4,1769961626614,1
185224036,18.069,5.9,1769961626614,1
185224037,18.073,2.6,1769961626720,0
185224038,18.074,3.3,1769961626720,0
185224039,18.075,16.4,1769961626720,0
185224040,18.076,10.2,1769961626720,0
185224041,18.074,0.4,1769961626799,0
185224042,18.075,0.6,1769961626799,0
185224043,18.076,0.6,1769961626799,0
185224044,18.077,2.7,1769961626799,0
185224045,18.078,6.8,1769961626799,0
185224046,18.079,3.9,1769961626799,0
185224047,18.078,6.0,1769961626902,1
185224048,18.079,0.8,1769961626986,0
185224049,18.08,0.6,1769961627064,0
185224050,18.08,9.2,1769961627088,1
185224051,18.079,20.0,1769961627202,1
185224052,18.079,2.1,1769961627209,0
185224053,18.078,102.7,1769961627237,1
185224054,18.077,3.2,1769961627239,1
185224055,18.076,1.6,1769961627240,1
185224056,18.075,0.6,1769961627240,1
185224057,18.074,1.6,1769961627240,1
185224058,18.073,0.9,1769961627240,1
185224059,18.072,3.7,1769961627272,1
185224060,18.071,1.5,1769961627272,1
185224061,18.07,1.9,1769961627272,1
185224062,18.069,0.6,1769961627273,1
185224063,18.068,5.3,1769961627273,1
185224064,18.067,1.1,1769961627274,1
185224065,18.066,6.5,1769961627275,1
185224066,18.065,0.6,1769961627275,1
185224067,18.064,1.6,1769961627278,1
185224068,18.063,0.6,1769961627286,1
185224069,18.063,2.3,1769961627290,0
185224070,18.062,3.6,1769961627314,1
185224071,18.062,8.2,1769961627324,0
185224072,18.063,1.8,1769961627342,0
185224073,18.064,0.6,1769961627390,0
185224074,18.065,55.8,1769961627390,0
185224075,18.066,0.6,1769961627392,0
185224076,18.067,0.6,1769961627392,0
185224077,18.065,3.2,1769961627423,1
185224078,18.065,0.3,1769961627528,1
185224079,18.067,1.8,1769961627661,1
185224080,18.066,5.5,1769961627661,1
185224081,18.065,7.1,1769961627661,1
185224082,18.067,5.0,1769961627812,0
185224083,18.068,3.8,1769961627812,0
185224084,18.069,6.6,1769961627812,0
185224085,18.07,0.6,1769961627812,0
185224086,18.071,0.5,1769961627812,0
185224087,18.065,21.3,1769961627824,1
185224088,18.068,0.3,1769961627940,0
185224089,18.065,1.0,1769961627988,1
185224090,18.069,0.6,1769961628074,0
185224091,18.07,5.9,1769961628074,0
185224092,18.071,5.5,1769961628074,0
185224093,18.069,2.6,1769961628125,1
185224094,18.067,2.2,1769961628125,1
185224095,18.066,0.9,1769961628125,1
185224096,18.069,0.9,1769961628223,0
185224097,18.071,1.6,1769961628223,0
185224098,18.072,3.4,1769961628223,0
185224099,18.071,7.2,1769961628493,0
185224100,18.072,9.1,1769961628493,0
185224101,18.073,318.1,1769961628496,0
185224102,18.074,0.6,1769961628498,0
185224103,18.075,3.7,1769961628498,0
185224104,18.076,9.9,1769961628498,0
185224105,18.077,3.0,1769961628498,0
185224106,18.078,33.7,1769961628498,0
185224107,18.079,4.3,1769961628499,0
185224108,18.08,0.6,1769961628566,0
185224109,18.081,0.6,1769961628566,0
185224110,18.082,0.3,1769961628566,0
185224111,18.08,6.6,1769961628572,1
185224112,18.079,12.3,1769961628572,1
185224113,18.078,0.6,1769961628572,1
185224114,18.077,0.1,1769961628572,1
185224115,18.081,7.2,1769961628630,0
185224116,18.082,7.1,1769961628630,0
185224117,18.083,1.6,1769961628630,0
185224118,18.084,28.2,1769961628630,0
185224119,18.079,7.8,1769961628638,1
185224120,18.078,0.6,1769961628638,1
185224121,18.077,3.1,1769961628638,1
185224122,18.076,8.0,1769961628638,1
185224123,18.076,0.6,1769961628668,0
185224124,18.076,1.7,1769961628795,0
185224125,18.077,0.6,1769961628795,0
185224126,18.077,6.5,1769961628839,1
185224127,18.076,3.1,1769961628839,1
185224128,18.078,27.5,1769961628897,0
185224129,18.079,1.6,1769961628897,0
185224130,18.08,0.6,1769961628897,0
185224131,18.081,1.6,1769961628897,0
185224132,18.082,5.9,1769961628897,0
185224133,18.083,5.3,1769961628897,0
185224134,18.084,10.6,1769961628897,0
185224135,18.085,35.0,1769961628897,0
185224136,18.086,41.4,1769961628897,0
185224137,18.087,14.1,1769961628897,0
185224138,18.077,2.4,1769961628898,1
185224139,18.084,12.9,1769961628912,0
185224140,18.085,8.2,1769961628912,0
185224141,18.081,5.6,1769961628928,1
185224142,18.081,2.9,1769961629029,1
185224143,18.08,4.2,1769961629029,1
185224144,18.079,0.6,1769961629031,1
185224145,18.079,46.5,1769961629258,0
185224146,18.08,0.6,1769961629262,0
185224147,18.079,22.0,1769961629443,1
185224148,18.079,32.0,1769961629590,0
185224149,18.08,1.2,1769961629609,0
185224150,18.081,1.4,1769961629609,0
185224151,18.082,0.6,1769961629654,0
185224152,18.083,0.6,1769961629654,0
185224153,18.084,2.3,1769961629654,0
185224154,18.085,0.6,1769961629656,0
185224155,18.086,1.5,1769961629656,0
185224156,18.087,48.5,1769961629656,0
185224157,18.088,3.3,1769961629656,0
185224158,18.089,7.3,1769961629656,0
185224159,18.09,12.8,1769961629656,0
185224160,18.091,2.2,1769961629658,0
185224161,18.092,36.5,1769961629658,0
185224162,18.09,3.1,1769961629660,0
185224163,18.093,5.3,1769961629669,0
185224164,18.093,1.4,1769961629873,0
185224165,18.094,10.5,1769961629873,0
185224166,18.095,9.2,1769961629873,0
185224167,18.096,1.0,1769961629873,0
185224168,18.097,5.5,1769961629873,0
185224169,18.096,0.9,1769961629916,1
185224170,18.095,0.6,1769961629934,1
185224171,18.096,1.2,1769961629936,0
185224172,18.094,0.6,1769961630019,1
185224173,18.093,0.6,1769961630059,1
185224174,18.092,0.6,1769961630059,1
185224175,18.091,0.6,1769961630068,1
185224176,18.09,4.6,1769961630068,1
185224177,18.089,2.3,1769961630071,1
185224178,18.088,1.9,1769961630071,1
185224179,18.088,3.0,1769961630093,0
185224180,18.09,0.4,1769961630193,0
185224181,18.089,25.7,1769961630219,1
185224182,18.088,4.4,1769961630229,1
185224183,18.09,9.7,1769961630281,0
185224184,18.091,0.6,1769961630281,0
185224185,18.092,0.6,1769961630283,0
185224186,18.093,0.6,1769961630283,0
185224187,18.094,0.6,1769961630283,0
185224188,18.095,0.6,1769961630283,0
185224189,18.096,5.7,1769961630283,0
185224190,18.097,15.5,1769961630283,0
185224191,18.098,47.4,1769961630283,0
185224192,18.099,19.2,1769961630283,0
185224193,18.098,6.4,1769961630335,1
185224194,18.1,11.5,1769961630337,0
185224195,18.098,2.5,1769961630361,1
185224196,18.099,15.7,1769961630447,0
185224197,18.1,0.6,1769961630447,0
185224198,18.101,7.8,1769961630447,0
185224199,18.102,1.0,1769961630447,0
185224200,18.103,5.9,1769961630447,0
185224201,18.104,67.2,1769961630447,0
185224202,18.105,16.6,1769961630447,0
185224203,18.106,6.4,1769961630447,0
185224204,18.107,6.5,1769961630447,0
185224205,18.108,32.0,1769961630447,0
185224206,18.109,23.1,1769961630447,0
185224207,18.11,38.2,1769961630447,0
185224208,18.111,11.5,1769961630447,0
185224209,18.112,20.0,1769961630447,0
185224210,18.113,12.8,1769961630447,0
185224211,18.111,0.4,1769961630449,0
185224212,18.106,0.5,1769961630450,0
185224213,18.104,3.0,1769961630500,1
185224214,18.103,1.7,1769961630500,1
185224215,18.102,1.6,1769961630502,1
185224216,18.101,0.6,1769961630503,1
185224217,18.1,1.6,1769961630503,1
185224218,18.1,19.7,1769961630516,0
185224219,18.101,7.8,1769961630517,0
185224220,18.102,0.9,1769961630517,0
185224221,18.103,7.2,1769961630517,0
185224222,18.105,15.3,1769961630908,0
185224223,18.104,12.8,1769961630985,1
185224224,18.105,11.4,1769961631007,0
185224225,18.105,8.2,1769961631056,1
185224226,18.106,4.4,1769961631067,0
185224227,18.107,6.3,1769961631067,0
185224228,18.108,0.6,1769961631067,0
185224229,18.109,1.6,1769961631067,0
185224230,18.11,0.6,1769961631067,0
185224231,18.111,2.9,1769961631067,0
185224232,18.112,25.8,1769961631067,0
185224233,18.111,4.6,1769961631090,1
185224234,18.113,2.3,1769961631119,0
185224235,18.114,6.7,1769961631119,0
185224236,18.115,1.9,1769961631119,0
185224237,18.116,2.0,1769961631119,0
185224238,18.117,8.2,1769961631119,0
185224239,18.118,7.8,1769961631119,0
185224240,18.119,17.3,1769961631119,0
185224241,18.115,4.1,1769961631153,1
185224242,18.114,1.1,1769961631185,0
185224243,18.115,27.6,1769961631297,0
185224244,18.115,5.8,1769961631449,0
185224245,18.116,0.6,1769961631451,0
185224246,18.117,1.6,1769961631451,0
185224247,18.118,45.9,1769961631452,0
185224248,18.119,0.6,1769961631459,0
185224249,18.118,3.0,1769961631512,1
185224250,18.117,7.0,1769961631512,1
185224251,18.119,6.1,1769961631606,0
185224252,18.12,1.4,1769961631606,0
185224253,18.121,15.6,1769961631606,0
185224254,18.122,0.6,1769961631606,0
185224255,18.123,4.2,1769961631606,0
185224256,18.119,1.5,1769961631621,1
185224257,18.122,3.0,1769961631652,0
185224258,18.123,13.9,1769961631652,0
185224259,18.124,1.5,1769961631652,0
185224260,18.125,0.6,1769961631653,0
185224261,18.126,5.0,1769961631653,0
185224262,18.127,1.5,1769961631684,0
185224263,18.128,1.8,1769961631686,0
185224264,18.127,5.6,1769961631743,1
185224265,18.126,7.9,1769961631752,1
185224266,18.125,12.3,1769961631752,1
185224267,18.124,7.1,1769961631752,1
185224268,18.123,3.2,1769961631752,1
185224269,18.122,29.8,1769961631752,1
185224270,18.121,4.9,1769961631752,1
185224271,18.12,10.2,1769961631752,1
185224272,18.119,14.5,1769961631752,1
185224273,18.118,7.0,1769961631752,1
185224274,18.117,57.7,1769961631752,1
185224275,18.116,5.7,1769961631752,1
185224276,18.121,1.1,1769961631793,1
185224277,18.12,0.6,1769961631929,1
185224278,18.119,0.6,1769961631929,1
185224279,18.118,1.0,1769961631930,1
185224280,18.117,0.6,1769961631930,1
185224281,18.116,0.2,1769961631930,1
185224282,18.117,3.0,1769961631977,0
185224283,18.118,0.6,1769961631979,0
185224284,18.119,0.6,1769961631991,0
185224285,18.12,0.6,1769961631991,0
185224286,18.121,0.6,1769961631991,0
185224287,18.122,0.6,1769961631991,0
185224288,18.121,2.9,1769961632140,0
185224289,18.122,0.4,1769961632140,0
185224290,18.121,7.2,1769961632292,0
185224291,18.122,0.6,1769961632303,0
185224292,18.121,12.2,1769961632359,0
185224293,18.122,126.3,1769961632360,0
185224294,18.123,1.5,1769961632362,0
185224295,18.123,1.4,1769961632378,1
185224296,18.124,0.6,1769961632446,0
185224297,18.125,0.6,1769961632446,0
185224298,18.126,0.2,1769961632446,0
185224299,18.123,13.7,1769961632457,1
185224300,18.122,24.5,1769961632593,1
185224301,18.121,0.6,1769961632593,1
185224302,18.12,7.0,1769961632593,1
185224303,18.119,3.1,1769961632593,1
185224304,18.118,4.4,1769961632593,1
185224305,18.117,11.1,1769961632593,1
185224306,18.118,5.3,1769961632608,0
185224307,18.12,2.6,1769961632608,0
185224308,18.121,5.3,1769961632608,0
185224309,18.122,4.3,1769961632608,0
185224310,18.123,8.9,1769961632608,0
185224311,18.124,7.8,1769961632617,0
185224312,18.125,0.6,1769961632617,0
185224313,18.126,57.9,1769961632617,0
185224314,18.127,1.3,1769961632617,0
185224315,18.128,6.4,1769961632618,0
185224316,18.129,6.3,1769961632618,0
185224317,18.13,13.8,1769961632618,0
185224318,18.131,19.8,1769961632618,0
185224319,18.132,32.8,1769961632618,0
185224320,18.133,16.6,1769961632618,0
185224321,18.134,14.0,1769961632618,0
185224322,18.135,1.9,1769961632620,0
185224323,18.136,2.1,1769961632620,0
185224324,18.137,7.0,1769961632620,0
185224325,18.138,7.6,1769961632620,0
185224326,18.139,5.9,1769961632620,0
185224327,18.14,13.6,1769961632620,0
185224328,18.141,0.4,1769961632621,0
185224329,18.137,5.9,1769961632630,0
185224330,18.136,0.6,1769961632637,1
185224331,18.138,6.1,1769961632658,0
185224332,18.139,0.6,1769961632658,0
185224333,18.135,5.5,1769961632850,1
185224334,18.137,11.7,1769961632915,0
185224335,18.138,0.6,1769961632915,0
185224336,18.139,1.6,1769961632915,0
185224337,18.14,13.7,1769961632915,0
185224338,18.138,5.6,1769961633094,1
185224339,18.14,15.5,1769961633147,0
185224340,18.141,0.9,1769961633147,0
185224341,18.142,4.0,1769961633147,0
185224342,18.14,7.2,1769961633248,1
185224343,18.139,1.7,1769961633248,1
185224344,18.141,0.4,1769961633297,0
185224345,18.14,3.5,1769961633550,0
185224346,18.141,2.3,1769961633552,0
185224347,18.141,3.2,1769961633558,1
185224348,18.14,3.2,1769961633559,1
185224349,18.139,14.8,1769961633559,1
185224350,18.138,21.3,1769961633561,1
185224351,18.137,2.8,1769961633561,1
185224352,18.137,1.3,1769961633627,0
185224353,18.136,1.3,1769961633700,1
185224354,18.137,0.5,1769961633718,0
185224355,18.138,0.6,1769961633718,0
185224356,18.139,1.6,1769961633718,0
185224357,18.14,0.6,1769961633718,0
185224358,18.141,1.6,1769961633719,0
185224359,18.142,50.2,1769961633719,0
185224360,18.143,4.0,1769961633721,0
185224361,18.144,3.9,1769961633742,0
185224362,18.143,6.8,1769961633857,1
185224363,18.142,1.8,1769961633914,1
185224364,18.141,0.6,1769961633959,1
185224365,18.14,4.1,1769961634002,1
185224366,18.139,0.6,1769961634048,1
185224367,18.138,1.6,1769961634048,1
185224368,18.137,0.6,1769961634050,1
185224369,18.136,9.0,1769961634068,1
185224370,18.135,0.6,1769961634068,1
185224371,18.134,1.6,1769961634069,1
185224372,18.133,0.9,1769961634070,1
185224373,18.132,59.3,1769961634070,1
185224374,18.133,4.4,1769961634071,1
185224375,18.131,3.2,1769961634073,1
185224376,18.132,5.1,1769961634079,0
185224377,18.138,7.5,1769961634126,0
185224378,18.139,0.6,1769961634160,0
185224379,18.14,0.6,1769961634160,0
185224380,18.141,8.2,1769961634160,0
185224381,18.142,12.8,1769961634160,0
185224382,18.143,7.1,1769961634160,0
185224383,18.144,10.5,1769961634160,0
185224384,18.138,1.6,1769961634309,1
185224385,18.137,1.4,1769961634309,1
185224386,18.136,3.3,1769961634309,1
185224387,18.135,2.9,1769961634309,1
185224388,18.134,5.8,1769961634309,1
185224389,18.133,0.9,1769961634310,1
185224390,18.132,5.1,1769961634310,1
185224391,18.131,31.3,1769961634310,1
185224392,18.13,5.8,1769961634310,1
185224393,18.129,5.3,1769961634311,1
185224394,18.128,2.9,1769961634311,1
185224395,18.127,0.9,1769961634395,1
185224396,18.126,1.3,1769961634409,1
185224397,18.125,9.2,1769961634413,1
185224398,18.124,0.6,1769961634414,1
185224399,18.123,12.9,1769961634414,1
185224400,18.122,0.9,1769961634414,1
185224401,18.121,0.9,1769961634414,1
185224402,18.12,31.5,1769961634415,1
185224403,18.119,0.9,1769961634415,1
185224404,18.118,7.8,1769961634415,1
185224405,18.117,2.2,1769961634435,1
185224406,18.119,1.7,1769961634589,0
185224407,18.12,2.1,1769961634589,0
185224408,18.121,4.1,1769961634589,0
185224409,18.122,1.6,1769961634589,0
185224410,18.123,0.6,1769961634589,0
185224411,18.124,0.5,1769961634589,0
185224412,18.119,1.1,1769961634631,0
185224413,18.12,1.7,1769961634631,0
185224414,18.122,0.6,1769961634631,0
185224415,18.123,0.6,1769961634631,0
185224416,18.124,1.6,1769961634631,0
185224417,18.125,4.1,1769961634631,0
185224418,18.126,8.6,1769961634631,0
185224419,18.127,13.5,1769961634631,0
185224420,18.123,0.7,1769961634646,1
185224421,18.119,2.6,1769961634733,1
185224422,18.118,0.6,1769961634738,1
185224423,18.117,4.0,1769961634793,1
185224424,18.116,3.7,1769961634793,1
185224425,18.115,10.1,1769961634793,1
185224426,18.114,5.8,1769961634808,1
185224427,18.113,17.8,1769961634841,1
185224428,18.112,4.8,1769961634841,1
185224429,18.112,7.7,1769961634957,0
185224430,18.113,0.6,1769961634988,0
185224431,18.114,9.9,1769961634988,0
185224432,18.115,2.8,1769961634988,0
185224433,18.111,3.5,1769961635060,1
185224434,18.111,3.6,1769961635074,0
185224435,18.11,5.2,1769961635125,1
185224436,18.108,1.9,1769961635125,1
185224437,18.107,2.0,1769961635125,1
185224438,18.107,8.5,1769961635235,1
185224439,18.106,6.3,1769961635235,1
185224440,18.105,1.4,1769961635235,1
185224441,18.104,33.6,1769961635235,1
185224442,18.103,43.2,1769961635235,1
185224443,18.102,7.3,1769961635235,1
185224444,18.101,10.5,1769961635235,1
185224445,18.1,20.5,1769961635235,1
185224446,18.099,9.2,1769961635235,1
185224447,18.106,1.0,1769961635303,0
185224448,18.107,0.6,1769961635381,0
185224449,18.106,2.7,1769961635513,1
185224450,18.105,2.7,1769961635514,1
185224451,18.104,5.3,1769961635514,1
185224452,18.103,0.6,1769961635514,1
185224453,18.102,8.8,1769961635514,1
185224454,18.101,7.5,1769961635515,1
185224455,18.1,1.9,1769961635515,1
185224456,18.099,21.3,1769961635515,1
185224457,18.107,0.6,1769961635681,0
185224458,18.108,22.4,1769961635683,0
185224459,18.109,0.6,1769961635684,0
185224460,18.109,13.8,1769961635872,1
185224461,18.108,17.0,1769961635872,1
185224462,18.107,7.2,1769961635872,1
185224463,18.109,2.4,1769961635915,1
185224464,18.108,0.9,1769961635916,1
185224465,18.11,1.6,1769961635973,0
185224466,18.107,2.0,1769961636031,1
185224467,18.106,3.2,1769961636033,1
185224468,18.106,3.9,1769961636053,0
185224469,18.105,0.6,1769961636075,1
185224470,18.104,0.6,1769961636081,1
185224471,18.103,0.6,1769961636081,1
185224472,18.106,10.3,1769961636151,0
185224473,18.107,0.6,1769961636151,0
185224474,18.108,0.6,1769961636155,0
185224475,18.109,0.6,1769961636159,0
185224476,18.109,4.0,1769961636162,1
185224477,18.11,0.6,1769961636162,0
185224478,18.111,1.3,1769961636224,0
185224479,18.112,0.6,1769961636224,0
185224480,18.113,1.9,1769961636254,0
185224481,18.114,0.6,1769961636277,0
185224482,18.115,0.6,1769961636648,0
185224483,18.116,0.6,1769961636648,0
185224484,18.117,0.6,1769961636648,0
185224485,18.118,2.8,1769961636648,0
185224486,18.119,0.6,1769961636649,0
185224487,18.12,3.6,1769961636649,0
185224488,18.116,2.6,1769961636653,1
185224489,18.115,16.4,1769961636653,1
185224490,18.114,11.7,1769961636653,1
185224491,18.113,27.3,1769961636653,1
185224492,18.112,2.1,1769961636653,1
185224493,18.118,2.6,1769961636658,0
185224494,18.12,10.4,1769961636658,0
185224495,18.121,19.5,1769961636658,0
185224496,18.122,11.3,1769961636658,0
185224497,18.123,5.5,1769961636658,0
185224498,18.124,1.6,1769961636658,0
185224499,18.125,11.3,1769961636658,0
185224500,18.126,13.6,1769961636658,0
185224501,18.127,38.8,1769961636658,0
185224502,18.128,6.8,1769961636658,0
185224503,18.119,0.4,1769961636660,0
185224504,18.126,0.3,1769961636730,0
185224505,18.127,0.6,1769961636735,0
185224506,18.128,4.3,1769961636751,0
185224507,18.129,0.6,1769961636751,0
185224508,18.13,3.5,1769961636751,0
185224509,18.131,0.9,1769961636768,0
185224510,18.132,1.3,1769961636768,0
185224511,18.132,0.7,1769961636911,0
185224512,18.133,0.3,1769961636911,0
185224513,18.133,0.3,1769961637072,0
185224514,18.132,3.6,1769961637093,1
185224515,18.131,114.3,1769961637093,1
185224516,18.13,4.8,1769961637095,1
185224517,18.131,1.7,1769961637126,1
185224518,18.129,3.2,1769961637132,1
185224519,18.128,4.3,1769961637141,1
185224520,18.127,1.1,1769961637141,1
185224521,18.126,13.9,1769961637141,1
185224522,18.125,0.4,1769961637141,1
185224523,18.129,3.2,1769961637153,0
185224524,18.129,4.4,1769961637320,0
185224525,18.129,12.7,1769961637469,0
185224526,18.13,0.6,1769961637506,0
185224527,18.131,0.6,1769961637506,0
185224528,18.132,1.6,1769961637506,0
185224529,18.133,10.3,1769961637506,0
185224530,18.133,9.2,1769961637778,0
185224531,18.134,0.6,1769961637781,0
185224532,18.135,1.0,1769961637781,0
185224533,18.136,4.9,1769961637781,0
185224534,18.135,0.4,1769961637787,1
185224535,18.135,4.4,1769961637944,0
185224536,18.136,9.5,1769961637944,0
185224537,18.137,4.8,1769961637944,0
185224538,18.138,1.3,1769961637945,0
185224539,18.136,1.8,1769961637968,1
185224540,18.134,1.2,1769961637968,1
185224541,18.132,4.7,1769961637968,1
185224542,18.131,19.2,1769961637968,1
185224543,18.135,2.6,1769961637976,0
185224544,18.136,1.8,1769961637976,0
185224545,18.134,3.8,1769961638032,0
185224546,18.132,0.6,1769961638045,1
185224547,18.131,4.0,1769961638117,1
185224548,18.131,24.1,1769961638193,0
185224549,18.132,25.8,1769961638195,0
185224550,18.133,7.1,1769961638195,0
185224551,18.134,49.5,1769961638195,0
185224552,18.135,12.5,1769961638195,0
185224553,18.136,19.4,1769961638195,0
185224554,18.137,69.0,1769961638195,0
185224555,18.138,6.6,1769961638195,0
185224556,18.139,128.3,1769961638195,0
185224557,18.14,24.2,1769961638195,0
185224558,18.141,8.0,1769961638195,0
185224559,18.142,8.8,1769961638195,0
185224560,18.143,18.5,1769961638195,0
185224561,18.144,12.3,1769961638195,0
185224562,18.145,35.6,1769961638195,0
185224563,18.146,40.8,1769961638195,0
185224564,18.147,21.7,1769961638195,0
185224565,18.148,36.9,1769961638195,0
185224566,18.149,20.2,1769961638195,0
185224567,18.136,1.0,1769961638205,0
185224568,18.137,9.2,1769961638206,0
185224569,18.14,1.1,1769961638206,0
185224570,18.144,5.3,1769961638206,0
185224571,18.138,0.3,1769961638218,0
185224572,18.142,4.9,1769961638265,0
185224573,18.143,0.6,1769961638276,0
185224574,18.144,1.4,1769961638276,0
185224575,18.146,1.0,1769961638284,0
185224576,18.148,1.0,1769961638284,0
185224577,18.15,4.9,1769961638288,0
185224578,18.144,5.5,1769961638342,1
185224579,18.147,0.8,1769961638406,1
185224580,18.146,0.4,1769961638409,1
185224581,18.145,0.6,1769961638410,1
185224582,18.144,1.6,1769961638438,1
185224583,18.143,0.6,1769961638438,1
185224584,18.142,3.8,1769961638438,1
185224585,18.141,3.1,1769961638438,1
185224586,18.14,11.4,1769961638438,1
185224587,18.139,1.1,1769961638438,1
185224588,18.14,2.7,1769961638442,0
185224589,18.144,1.1,1769961638478,0
185224590,18.146,1.1,1769961638478,0
185224591,18.141,3.1,1769961638486,1
185224592,18.142,16.7,1769961638640,1
185224593,18.141,0.6,1769961638738,1
185224594,18.14,1.6,1769961638768,1
185224595,18.139,4.2,1769961638808,1
185224596,18.138,1.6,1769961638808,1
185224597,18.137,0.6,1769961638813,1
185224598,18.136,5.4,1769961638813,1
185224599,18.137,2.7,1769961638879,0
185224600,18.138,0.6,1769961638879,0
185224601,18.139,0.6,1769961638879,0
185224602,18.14,0.6,1769961638879,0
185224603,18.141,3.1,1769961638879,0
185224604,18.135,0.7,1769961638888,1
185224605,18.136,15.4,1769961639049,1
185224606,18.135,12.2,1769961639049,1
185224607,18.134,4.8,1769961639049,1
185224608,18.133,7.5,1769961639049,1
185224609,18.132,14.3,1769961639049,1
185224610,18.131,24.4,1769961639050,1
185224611,18.13,6.1,1769961639050,1
185224612,18.135,4.3,1769961639050,1
185224613,18.132,1.1,1769961639051,1
185224614,18.13,2.7,1769961639142,0
185224615,18.131,0.6,1769961639153,0
185224616,18.131,0.3,1769961639238,1
185224617,18.132,0.6,1769961639284,0
185224618,18.133,0.6,1769961639284,0
185224619,18.134,1.6,1769961639284,0
185224620,18.133,2.9,1769961639386,1
185224621,18.132,0.3,1769961639386,1
185224622,18.133,5.3,1769961639468,0
185224623,18.134,17.3,1769961639468,0
185224624,18.135,7.3,1769961639468,0
185224625,18.136,6.1,1769961639468,0
185224626,18.137,31.6,1769961639468,0
185224627,18.138,6.3,1769961639468,0
185224628,18.139,19.1,1769961639468,0
185224629,18.14,22.0,1769961639468,0
185224630,18.141,13.1,1769961639468,0
185224631,18.142,28.7,1769961639468,0
185224632,18.143,41.2,1769961639468,0
185224633,18.144,42.6,1769961639468,0
185224634,18.145,19.9,1769961639468,0
185224635,18.146,1.2,1769961639468,0
185224636,18.142,1.6,1769961639473,1
185224637,18.139,6.8,1769961639543,0
185224638,18.14,3.2,1769961639543,0
185224639,18.136,0.9,1769961639582,1
185224640,18.135,0.6,1769961639582,1
185224641,18.134,6.6,1769961639582,1
185224642,18.133,5.6,1769961639582,1
185224643,18.134,2.7,1769961639617,0
185224644,18.137,5.5,1769961639617,0
185224645,18.138,20.8,1769961639617,0
185224646,18.139,14.7,1769961639617,0
185224647,18.14,7.8,1769961639617,0
185224648,18.141,3.8,1769961639617,0
185224649,18.142,13.4,1769961639617,0
185224650,18.142,86.6,1769961639622,1
185224651,18.139,13.1,1769961639631,1
185224652,18.138,1.0,1769961639639,1
185224653,18.135,0.6,1769961639647,1
185224654,18.134,5.5,1769961639647,1
185224655,18.135,8.2,1769961639697,0
185224656,18.136,3.3,1769961639721,0
185224657,18.137,0.6,1769961639721,0
185224658,18.138,1.6,1769961639721,0
185224659,18.139,0.6,1769961639721,0
185224660,18.14,6.9,1769961639721,0
185224661,18.141,9.6,1769961639721,0
185224662,18.142,2.9,1769961639721,0
185224663,18.143,11.5,1769961639721,0
185224664,18.144,14.7,1769961639721,0
185224665,18.145,7.6,1769961639721,0
185224666,18.137,1.7,1769961639762,1
185224667,18.136,0.6,1769961639764,1
185224668,18.135,0.6,1769961639774,1
185224669,18.134,8.8,1769961639774,1
185224670,18.133,4.6,1769961639774,1
185224671,18.134,2.7,1769961639778,0
185224672,18.135,11.0,1769961639858,0
185224673,18.136,0.6,1769961639858,0
185224674,18.137,0.6,1769961639936,0
185224675,18.138,1.6,1769961639936,0
185224676,18.139,0.6,1769961639938,0
185224677,18.14,1.6,1769961639938,0
185224678,18.141,0.6,1769961640003,0
185224679,18.142,2.1,1769961640003,0
185224680,18.141,2.6,1769961640017,1
185224681,18.14,7.0,1769961640017,1
185224682,18.139,5.6,1769961640017,1
185224683,18.138,4.0,1769961640017,1
185224684,18.137,9.3,1769961640017,1
185224685,18.14,19.7,1769961640104,1
185224686,18.137,2.6,1769961640110,1
185224687,18.138,2.7,1769961640114,0
185224688,18.14,2.9,1769961640114,0
185224689,18.138,1.9,1769961640143,1
185224690,18.142,6.4,1769961640155,0
185224691,18.142,0.9,1769961640262,0
185224692,18.143,1.6,1769961640262,0
185224693,18.142,0.3,1769961640343,0
185224694,18.143,0.1,1769961640343,0
185224695,18.144,1.6,1769961640343,0
185224696,18.145,0.6,1769961640343,0
185224697,18.146,0.5,1769961640343,0
185224698,18.144,1.4,1769961640538,1
185224699,18.144,6.6,1769961640741,0
185224700,18.145,4.6,1769961640741,0
185224701,18.146,36.1,1769961640743,0
185224702,18.147,0.6,1769961640744,0
185224703,18.148,2.2,1769961640744,0
185224704,18.148,9.2,1769961640748,1
185224705,18.147,1.1,1769961640748,1
185224706,18.146,9.2,1769961640748,1
185224707,18.145,6.6,1769961640748,1
185224708,18.143,3.9,1769961640748,1
185224709,18.142,4.4,1769961640748,1
185224710,18.141,5.3,1769961640749,1
185224711,18.14,1.6,1769961640749,1
185224712,18.139,9.4,1769961640749,1
185224713,18.145,15.5,1769961640778,0
185224714,18.142,8.2,1769961640797,1
185224715,18.141,7.8,1769961640797,1
185224716,18.14,13.0,1769961640797,1
185224717,18.139,0.3,1769961640797,1
185224718,18.138,1.6,1769961640797,1
185224719,18.137,5.6,1769961640797,1
185224720,18.136,7.4,1769961640797,1
185224721,18.135,12.5,1769961640797,1
185224722,18.134,35.6,1769961640797,1
185224723,18.133,108.3,1769961640797,1
185224724,18.132,7.4,1769961640797,1
185224725,18.131,2.6,1769961640797,1
185224726,18.13,13.7,1769961640797,1
185224727,18.129,7.8,1769961640797,1
185224728,18.128,18.6,1769961640797,1
185224729,18.127,12.0,1769961640797,1
185224730,18.126,76.3,1769961640797,1
185224731,18.125,46.9,1769961640797,1
185224732,18.124,6.0,1769961640797,1
185224733,18.123,6.9,1769961640797,1
185224734,18.122,1.5,1769961640797,1
185224735,18.137,4.2,1769961640798,1
185224736,18.134,1.1,1769961640798,1
185224737,18.124,0.4,1769961640799,1
185224738,18.131,10.7,1769961640826,0
185224739,18.132,5.8,1769961640826,0
185224740,18.131,7.2,1769961640926,1
185224741,18.13,7.9,1769961640926,1
185224742,18.129,12.5,1769961640926,1
185224743,18.13,9.3,1769961641154,1
185224744,18.129,6.2,1769961641154,1
185224745,18.128,9.3,1769961641154,1
185224746,18.127,10.1,1769961641154,1
185224747,18.126,1.6,1769961641154,1
185224748,18.125,12.1,1769961641154,1
185224749,18.124,12.3,1769961641154,1
185224750,18.132,7.8,1769961641168,0
185224751,18.133,0.6,1769961641168,0
185224752,18.134,0.6,1769961641168,0
185224753,18.135,0.6,1769961641172,0
185224754,18.136,0.6,1769961641172,0
185224755,18.137,0.6,1769961641172,0
185224756,18.138,0.9,1769961641172,0
185224757,18.139,1.4,1769961641172,0
185224758,18.134,9.5,1769961641197,1
185224759,18.132,8.0,1769961641197,1
185224760,18.131,1.1,1769961641197,1
185224761,18.13,0.6,1769961641197,1
185224762,18.129,0.6,1769961641197,1
185224763,18.128,0.3,1769961641197,1
185224764,18.134,1.6,1769961641226,1
185224765,18.134,2.7,1769961641285,0
185224766,18.133,0.6,1769961641355,1
185224767,18.133,2.7,1769961641532,0
185224768,18.132,0.3,1769961641665,1
185224769,18.133,5.3,1769961641772,0
185224770,18.133,3.2,1769961641910,1
185224771,18.134,15.0,1769961641963,0
185224772,18.133,27.1,1769961642029,1
185224773,18.132,0.6,1769961642029,1
185224774,18.131,22.7,1769961642029,1
185224775,18.13,5.8,1769961642029,1
185224776,18.129,0.6,1769961642029,1
185224777,18.129,18.2,1769961642040,0
185224778,18.131,7.2,1769961642047,0
185224779,18.132,1.0,1769961642047,0
185224780,18.134,14.8,1769961642049,0
185224781,18.134,7.2,1769961642079,1
185224782,18.133,29.1,1769961642079,1
185224783,18.132,0.6,1769961642079,1
185224784,18.134,1.0,1769961642142,0
185224785,18.135,1.7,1769961642142,0
185224786,18.136,1.6,1769961642142,0
185224787,18.137,2.8,1769961642142,0
185224788,18.138,0.9,1769961642260,0
185224789,18.139,1.2,1769961642260,0
185224790,18.136,0.6,1769961642431,1
185224791,18.136,5.6,1769961642475,0
185224792,18.136,3.7,1769961642741,0
185224793,18.136,7.2,1769961642908,0
185224794,18.137,10.3,1769961642908,0
185224795,18.138,8.9,1769961642908,0
185224796,18.139,7.8,1769961642908,0
185224797,18.14,14.8,1769961642908,0
185224798,18.141,5.0,1769961642908,0
185224799,18.135,1.2,1769961643065,1
185224800,18.134,0.6,1769961643067,1
185224801,18.133,2.7,1769961643076,1
185224802,18.134,7.6,1769961643123,0
185224803,18.135,0.6,1769961643199,0
185224804,18.136,271.3,1769961643199,0
185224805,18.137,0.6,1769961643202,0
185224806,18.138,1.6,1769961643202,0
185224807,18.139,17.1,1769961643219,0
185224808,18.14,1.6,1769961643219,0
185224809,18.14,1.9,1769961643296,1
185224810,18.14,5.7,1769961643464,0
185224811,18.139,0.6,1769961643937,1
185224812,18.138,0.6,1769961643937,1
185224813,18.137,0.6,1769961643937,1
185224814,18.136,1.6,1769961643937,1
185224815,18.135,14.2,1769961643937,1
185224816,18.134,3.5,1769961643937,1
185224817,18.135,7.2,1769961644127,0
185224818,18.136,7.8,1769961644127,0
185224819,18.137,3.2,1769961644127,0
185224820,18.138,1.6,1769961644127,0
185224821,18.139,3.2,1769961644127,0
185224822,18.14,4.6,1769961644127,0
185224823,18.14,0.9,1769961644699,0
185224824,18.141,9.1,1769961644699,0
185224825,18.142,7.2,1769961644729,0
185224826,18.141,26.4,1769961644737,1
185224827,18.14,22.2,1769961644737,1
185224828,18.139,7.4,1769961644737,1
185224829,18.138,1.6,1769961644737,1
185224830,18.137,11.4,1769961644737,1
185224831,18.136,4.2,1769961644737,1
185224832,18.135,13.5,1769961644737,1
185224833,18.134,21.1,1769961644738,1
185224834,18.133,114.2,1769961644738,1
185224835,18.132,4.5,1769961644738,1
185224836,18.131,7.1,1769961644738,1
185224837,18.13,32.7,1769961644738,1
185224838,18.129,11.3,1769961644738,1
185224839,18.128,7.7,1769961644738,1
185224840,18.127,14.9,1769961644738,1
185224841,18.126,25.1,1769961644738,1
185224842,18.125,57.5,1769961644738,1
185224843,18.124,3.0,1769961644738,1
185224844,18.142,1.1,1769961644738,0
185224845,18.143,0.6,1769961644738,0
185224846,18.139,3.5,1769961644741,1
185224847,18.133,4.1,1769961644752,0
185224848,18.133,3.1,1769961644758,1
185224849,18.132,1.1,1769961644758,1
185224850,18.131,3.5,1769961644758,1
185224851,18.13,3.2,1769961644758,1
185224852,18.128,1.0,1769961644758,1
185224853,18.127,2.6,1769961644758,1
185224854,18.126,3.3,1769961644758,1
185224855,18.129,4.9,1769961644761,0
185224856,18.131,4.9,1769961644761,0
185224857,18.132,0.7,1769961644766,1
185224858,18.129,7.2,1769961644807,0
185224859,18.13,6.9,1769961644807,0
185224860,18.128,14.3,1769961644818,1
185224861,18.127,0.6,1769961644818,1
185224862,18.126,1.6,1769961644818,1
185224863,18.13,1.0,1769961644877,0
185224864,18.131,0.6,1769961644879,0
185224865,18.132,0.6,1769961644934,0
185224866,18.133,0.6,1769961644934,0
185224867,18.134,0.6,1769961644934,0
185224868,18.135,0.6,1769961644934,0
185224869,18.136,1.6,1769961644934,0
185224870,18.137,15.6,1769961644934,0
185224871,18.138,28.4,1769961644996,0
185224872,18.139,9.6,1769961644996,0
185224873,18.14,17.6,1769961644996,0
185224874,18.136,7.2,1769961645285,1
185224875,18.135,6.7,1769961645285,1
185224876,18.134,13.7,1769961645285,1
185224877,18.135,2.7,1769961645360,0
185224878,18.136,10.4,1769961645360,0
185224879,18.137,7.5,1769961645360,0
185224880,18.136,3.9,1769961645702,0
185224881,18.136,3.3,1769961645712,1
185224882,18.135,11.3,1769961645712,1
185224883,18.137,7.1,1769961645784,0
185224884,18.138,4.0,1769961645784,0
185224885,18.139,1.8,1769961645784,0
185224886,18.14,2.0,1769961645784,0
185224887,18.141,10.4,1769961645784,0
185224888,18.142,2.2,1769961645784,0
185224889,18.139,1.1,1769961645786,0
185224890,18.142,22.8,1769961645786,0
185224891,18.141,1.1,1769961646100,0
185224892,18.142,0.6,1769961646100,0
185224893,18.143,0.6,1769961646100,0
185224894,18.144,0.1,1769961646100,0
185224895,18.14,2.1,1769961646450,1
185224896,18.139,0.6,1769961646450,1
185224897,18.138,7.6,1769961646450,1
185224898,18.139,7.2,1769961646492,1
185224899,18.138,8.4,1769961646492,1
185224900,18.139,5.5,1769961646554,0
185224901,18.14,0.6,1769961646556,0
185224902,18.141,2.7,1769961646600,0
185224903,18.142,0.6,1769961646602,0
185224904,18.143,1.7,1769961646604,0
185224905,18.144,5.4,1769961646604,0
185224906,18.143,0.4,1769961646623,1
185224907,18.142,28.1,1769961646761,0
185224908,18.143,13.7,1769961646855,0
185224909,18.144,9.1,1769961646855,0
185224910,18.145,3.2,1769961646871,0
185224911,18.146,8.0,1769961646871,0
185224912,18.142,3.1,1769961646873,1
185224913,18.142,3.1,1769961647047,1
185224914,18.141,0.6,1769961647047,1
185224915,18.14,1.6,1769961647047,1
185224916,18.139,3.2,1769961647047,1
185224917,18.138,10.6,1769961647047,1
185224918,18.137,4.9,1769961647048,1
185224919,18.136,2.4,1769961647049,1
185224920,18.135,0.9,1769961647049,1
185224921,18.134,107.9,1769961647049,1
185224922,18.136,4.1,1769961647049,1
185224923,18.133,1.7,1769961647057,1
185224924,18.132,1.9,1769961647057,1
185224925,18.133,5.0,1769961647069,0
185224926,18.133,8.9,1769961647144,1
185224927,18.132,2.1,1769961647144,1
185224928,18.136,0.6,1769961647159,0
185224929,18.134,7.2,1769961647171,1
185224930,18.133,0.6,1769961647171,1
185224931,18.132,91.5,1769961647173,1
185224932,18.131,2.0,1769961647173,1
185224933,18.13,12.3,1769961647173,1
185224934,18.13,5.5,1769961647572,1
185224935,18.129,17.8,1769961647573,1
185224936,18.128,4.2,1769961647573,1
185224937,18.127,2.7,1769961647576,1
185224938,18.126,1.3,1769961647652,1
185224939,18.125,0.6,1769961647656,1
185224940,18.125,17.3,1769961647764,0
185224941,18.124,1.0,1769961647868,1
185224942,18.123,1.2,1769961647868,1
185224943,18.122,1.6,1769961647868,1
185224944,18.121,25.9,1769961647868,1
185224945,18.12,2.3,1769961647869,1
185224946,18.119,1.3,1769961647869,1
185224947,18.118,1.8,1769961647936,1
185224948,18.117,0.6,1769961647937,1
185224949,18.116,3.7,1769961647937,1
185224950,18.115,0.9,1769961647987,1
185224951,18.117,6.1,1769961647998,0
185224952,18.118,15.3,1769961647998,0
185224953,18.119,9.8,1769961647998,0
185224954,18.12,27.1,1769961648000,0
185224955,18.121,0.6,1769961648049,0
185224956,18.122,0.6,1769961648049,0
185224957,18.123,0.6,1769961648049,0
185224958,18.123,3.3,1769961648125,1
185224959,18.123,3.4,1769961648307,1
185224960,18.123,2.6,1769961648369,0
185224961,18.122,0.6,1769961648423,1
185224962,18.121,0.6,1769961648424,1
185224963,18.12,1.0,1769961648426,1
185224964,18.119,0.6,1769961648461,1
185224965,18.118,1.6,1769961648462,1
185224966,18.117,0.6,1769961648466,1
185224967,18.116,1.7,1769961648496,1
185224968,18.115,2.6,1769961648496,1
185224969,18.114,5.5,1769961648496,1
185224970,18.113,1.3,1769961648496,1
185224971,18.112,6.2,1769961648498,1
185224972,18.111,30.2,1769961648498,1
185224973,18.11,10.0,1769961648498,1
185224974,18.109,1.9,1769961648498,1
185224975,18.108,7.8,1769961648498,1
185224976,18.109,0.6,1769961649037,0
185224977,18.11,0.6,1769961649037,0
185224978,18.111,8.4,1769961649037,0
185224979,18.112,5.3,1769961649037,0
185224980,18.113,22.2,1769961649037,0
185224981,18.114,3.7,1769961649037,0
185224982,18.107,0.6,1769961649061,1
185224983,18.107,0.7,1769961649104,0
185224984,18.107,4.0,1769961649230,0
185224985,18.108,0.6,1769961649230,0
185224986,18.109,46.4,1769961649230,0
185224987,18.11,3.2,1769961649241,0
185224988,18.111,0.6,1769961649241,0
185224989,18.112,4.2,1769961649241,0
185224990,18.113,7.8,1769961649241,0
185224991,18.114,21.6,1769961649241,0
185224992,18.115,32.3,1769961649241,0
185224993,18.111,1.1,1769961649313,0
185224994,18.112,0.6,1769961649313,0
185224995,18.113,0.6,1769961649313,0
185224996,18.114,4.6,1769961649313,0
185224997,18.115,0.6,1769961649313,0
185224998,18.116,18.4,1769961649313,0
185224999,18.117,0.1,1769961649313,0
185225000,18.111,2.8,1769961649392,1
185225001,18.11,0.6,1769961649395,1
185225002,18.109,0.6,1769961649437,1
185225003,18.108,13.3,1769961649554,1
185225004,18.107,0.6,1769961649595,1
185225005,18.106,2.4,1769961649595,1
185225006,18.105,17.6,1769961649597,1
185225007,18.104,3.3,1769961649597,1
185225008,18.104,7.7,1769961649738,0
185225009,18.105,0.6,1769961649858,0
185225010,18.106,0.6,1769961649909,0
185225011,18.107,0.6,1769961649909,0
185225012,18.108,1.6,1769961649909,0
185225013,18.109,18.3,1769961649909,0
185225014,18.11,41.3,1769961649909,0
185225015,18.111,3.2,1769961649909,0
185225016,18.112,6.9,1769961649909,0
185225017,18.113,9.1,1769961649909,0
185225018,18.114,12.1,1769961649909,0
185225019,18.115,40.2,1769961649909,0
185225020,18.116,13.2,1769961649909,0
185225021,18.117,7.0,1769961649909,0
185225022,18.118,13.4,1769961649909,0
185225023,18.119,13.8,1769961649909,0
185225024,18.12,42.8,1769961649909,0
185225025,18.121,43.3,1769961649909,0
185225026,18.122,42.2,1769961649909,0
185225027,18.123,56.1,1769961649909,0
185225028,18.124,11.9,1769961649909,0
185225029,18.125,13.1,1769961649909,0
185225030,18.126,7.7,1769961649909,0
185225031,18.127,31.8,1769961649909,0
185225032,18.128,9.6,1769961649909,0
185225033,18.129,11.2,1769961649909,0
185225034,18.13,11.1,1769961649909,0
185225035,18.131,63.4,1769961649909,0
185225036,18.132,70.9,1769961649909,0
185225037,18.133,172.6,1769961649909,0
185225038,18.134,11.1,1769961649909,0
185225039,18.135,38.2,1769961649909,0
185225040,18.136,9.2,1769961649909,0
185225041,18.137,11.9,1769961649909,0
185225042,18.138,6.3,1769961649909,0
185225043,18.139,35.5,1769961649909,0
185225044,18.14,12.4,1769961649909,0
185225045,18.141,7.3,1769961649909,0
185225046,18.142,80.4,1769961649909,0
185225047,18.142,121.1,1769961649911,1
185225048,18.139,1.1,1769961649912,1
185225049,18.139,5.4,1769961649913,0
185225050,18.143,3.0,1769961649914,0
185225051,18.132,4.6,1769961649918,1
185225052,18.132,2.6,1769961649918,0
185225053,18.133,6.4,1769961649918,0
185225054,18.133,1.8,1769961649919,1
185225055,18.131,2.0,1769961649920,1
185225056,18.131,0.3,1769961649921,0
185225057,18.129,2.7,1769961649925,1
185225058,18.128,0.6,1769961649925,1
185225059,18.127,0.6,1769961649929,1
185225060,18.122,5.5,1769961649953,0
185225061,18.124,9.1,1769961649953,0
185225062,18.127,0.6,1769961649953,0
185225063,18.128,5.1,1769961649953,0
185225064,18.129,0.8,1769961649959,1
185225065,18.127,0.6,1769961649981,1
185225066,18.126,0.6,1769961650005,1
185225067,18.125,0.6,1769961650005,1
185225068,18.124,0.6,1769961650005,1
185225069,18.123,0.6,1769961650015,1
185225070,18.122,0.6,1769961650015,1
185225071,18.122,5.5,1769961650037,0
185225072,18.123,0.6,1769961650038,0
185225073,18.122,4.1,1769961650128,1
185225074,18.121,4.7,1769961650128,1
185225075,18.12,12.8,1769961650128,1
185225076,18.119,11.9,1769961650128,1
185225077,18.118,1.8,1769961650144,1
185225078,18.117,10.0,1769961650144,1
185225079,18.116,1.6,1769961650144,1
185225080,18.115,12.1,1769961650144,1
185225081,18.118,1.7,1769961650318,0
185225082,18.119,7.2,1769961650318,0
185225083,18.12,1.6,1769961650318,0
185225084,18.121,0.6,1769961650318,0
185225085,18.122,0.8,1769961650318,0
185225086,18.121,0.4,1769961650328,0
185225087,18.122,1.6,1769961650328,0
185225088,18.123,1.3,1769961650328,0
185225089,18.124,0.1,1769961650421,0
185225090,18.123,5.4,1769961650499,1
185225091,18.124,1.5,1769961650634,0
185225092,18.125,0.6,1769961650634,0
185225093,18.126,0.6,1769961650634,0
185225094,18.126,1.3,1769961650845,0
185225095,18.127,1.9,1769961650847,0
185225096,18.128,0.9,1769961650856,0
185225097,18.127,25.3,1769961651035,1
185225098,18.128,14.1,1769961651087,0
185225099,18.129,5.7,1769961651087,0
185225100,18.13,11.2,1769961651087,0
185225101,18.131,0.6,1769961651087,0
185225102,18.132,7.0,1769961651087,0
185225103,18.133,10.3,1769961651087,0
185225104,18.132,11.7,1769961651307,0
185225105,18.133,0.6,1769961651307,0
185225106,18.134,2.2,1769961651307,0
185225107,18.135,4.2,1769961651307,0
185225108,18.136,2.8,1769961651307,0
185225109,18.137,5.3,1769961651307,0
185225110,18.138,8.0,1769961651307,0
185225111,18.139,19.8,1769961651307,0
185225112,18.14,5.0,1769961651395,0
185225113,18.141,27.9,1769961651395,0
185225114,18.142,16.8,1769961651395,0
185225115,18.143,8.8,1769961651395,0
185225116,18.144,8.2,1769961651395,0
185225117,18.145,12.8,1769961651395,0
185225118,18.146,37.5,1769961651395,0
185225119,18.147,14.8,1769961651395,0
185225120,18.148,48.1,1769961651395,0
185225121,18.149,22.6,1769961651395,0
185225122,18.15,12.1,1769961651395,0
185225123,18.144,1.1,1769961651397,0
185225124,18.147,2.4,1769961651399,1
185225125,18.146,1.1,1769961651562,1
185225126,18.145,0.6,1769961651598,1
185225127,18.144,0.6,1769961651598,1
185225128,18.143,1.0,1769961651614,1
185225129,18.141,1.6,1769961651614,1
185225130,18.14,0.1,1769961651614,1
185225131,18.143,9.1,1769961651631,0
185225132,18.145,0.6,1769961651686,0
185225133,18.146,1.3,1769961651686,0
185225134,18.143,24.1,1769961651742,1
185225135,18.142,0.6,1769961651742,1
185225136,18.141,5.1,1769961651742,1
185225137,18.14,0.5,1769961651742,1
185225138,18.139,11.4,1769961651742,1
185225139,18.138,7.3,1769961651742,1
185225140,18.137,18.1,1769961651742,1
185225141,18.136,39.4,1769961651742,1
185225142,18.135,10.1,1769961651744,1
185225143,18.134,0.6,1769961651744,1
185225144,18.133,15.9,1769961651744,1
185225145,18.132,3.1,1769961651744,1
185225146,18.131,0.6,1769961651744,1
185225147,18.13,4.7,1769961651744,1
185225148,18.129,0.6,1769961651744,1
185225149,18.128,3.2,1769961651744,1
185225150,18.131,1.1,1769961651748,1
185225151,18.128,7.2,1769961651835,1
185225152,18.127,14.8,1769961651835,1
185225153,18.127,1.6,1769961652133,1
185225154,18.126,17.8,1769961652133,1
185225155,18.125,1.6,1769961652133,1
185225156,18.124,0.6,1769961652133,1
185225157,18.123,4.9,1769961652134,1
185225158,18.122,6.0,1769961652134,1
185225159,18.121,1.6,1769961652134,1
185225160,18.12,1.0,1769961652215,1
185225161,18.119,1.0,1769961652215,1
185225162,18.119,2.0,1769961652380,1
185225163,18.118,3.1,1769961652380,1
185225164,18.117,3.5,1769961652380,1
185225165,18.116,8.8,1769961652380,1
185225166,18.115,4.4,1769961652380,1
185225167,18.114,4.8,1769961652380,1
185225168,18.113,3.2,1769961652380,1
185225169,18.114,11.0,1769961652441,0
185225170,18.115,0.6,1769961652463,0
185225171,18.116,0.6,1769961652463,0
185225172,18.117,0.6,1769961652463,0
185225173,18.118,0.6,1769961652463,0
185225174,18.12,0.6,1769961652592,0
185225175,18.121,0.2,1769961652592,0
185225176,18.117,6.4,1769961652621,1
185225177,18.116,0.6,1769961652621,1
185225178,18.115,6.7,1769961652621,1
185225179,18.114,0.6,1769961652622,1
185225180,18.113,1.8,1769961652622,1
