trade_id,price,qty,timestamp,is_buyer_maker
186374739,12.613,8.6,1769975636450,0
186374740,12.614,16.7,1769975636450,0
186374741,12.615,19.2,1769975636450,0
186374742,12.616,39.4,1769975636450,0
186374743,12.617,5.8,1769975636450,0
186374744,12.618,8.8,1769975636450,0
186374745,12.619,0.2,1769975636450,0
186374746,12.609,2.8,1769975636454,0
186374747,12.614,1.1,1769975636482,0
186374748,12.608,0.9,1769975636522,1
186374749,12.607,8.1,1769975636522,1
186374750,12.608,10.8,1769975636524,1
186374751,12.606,16.8,1769975636525,1
186374752,12.605,3.2,1769975636525,1
186374753,12.604,0.9,1769975636682,1
186374754,12.605,0.5,1769975636690,0
186374755,12.606,6.2,1769975636706,0
186374756,12.607,14.9,1769975636706,0
186374757,12.608,6.4,1769975636706,0
186374758,12.609,0.9,1769975636706,0
186374759,12.61,5.8,1769975636706,0
186374760,12.611,8.1,1769975636706,0
186374761,12.603,4.8,1769975636761,1
186374762,12.602,0.9,1769975636761,1
186374763,12.601,4.7,1769975636761,1
186374764,12.6,1.0,1769975636761,1
186374765,12.602,7.1,1769975636763,1
186374766,12.6,0.4,1769975636763,1
186374767,12.599,16.5,1769975636763,1
186374768,12.598,4.4,1769975636763,1
186374769,12.605,7.2,1769975636789,0
186374770,12.606,1.7,1769975636789,0
186374771,12.607,0.9,1769975636793,0
186374772,12.608,0.9,1769975636793,0
186374773,12.609,0.9,1769975636793,0
186374774,12.608,0.9,1769975636803,1
186374775,12.609,16.0,1769975636906,1
186374776,12.608,8.1,1769975636906,1
186374777,12.607,6.8,1769975636907,1
186374778,12.606,2.9,1769975636907,1
186374779,12.605,0.9,1769975636929,1
186374780,12.604,9.6,1769975636929,1
186374781,12.603,15.9,1769975636929,1
186374782,12.605,1.6,1769975636931,1
186374783,12.602,8.6,1769975636931,1
186374784,12.603,3.0,1769975636948,0
186374785,12.604,5.0,1769975636948,0
186374786,12.605,0.9,1769975636948,0
186374787,12.606,6.1,1769975636948,0
186374788,12.608,3.4,1769975636948,0
186374789,12.601,0.9,1769975636949,1
186374790,12.6,9.7,1769975636949,1
186374791,12.599,0.9,1769975636949,1
186374792,12.597,2.8,1769975636949,1
186374793,12.596,1.3,1769975636949,1
186374794,12.595,0.5,1769975636949,1
186374795,12.598,0.5,1769975636950,1
186374796,12.603,33.8,1769975636977,0
186374797,12.604,0.9,1769975637041,0
186374798,12.605,0.9,1769975637041,0
186374799,12.606,3.9,1769975637041,0
186374800,12.607,10.9,1769975637041,0
186374801,12.608,0.9,1769975637041,0
186374802,12.609,31.6,1769975637041,0
186374803,12.61,32.3,1769975637041,0
186374804,12.609,0.9,1769975637074,0
186374805,12.61,17.6,1769975637074,0
186374806,12.611,0.9,1769975637074,0
186374807,12.612,0.9,1769975637074,0
186374808,12.613,8.8,1769975637074,0
186374809,12.614,9.3,1769975637074,0
186374810,12.615,9.9,1769975637074,0
186374811,12.608,0.5,1769975637089,1
186374812,12.613,1.6,1769975637167,0
186374813,12.615,0.9,1769975637167,0
186374814,12.616,1.3,1769975637167,0
186374815,12.617,1.8,1769975637167,0
186374816,12.618,1.7,1769975637167,0
186374817,12.616,1.6,1769975637169,0
186374818,12.618,0.9,1769975637169,0
186374819,12.619,5.6,1769975637169,0
186374820,12.62,7.2,1769975637170,0
186374821,12.618,11.0,1769975637176,1
186374822,12.621,0.9,1769975637193,0
186374823,12.622,0.9,1769975637194,0
186374824,12.623,0.9,1769975637194,0
186374825,12.62,2.6,1769975637290,1
186374826,12.619,8.1,1769975637290,1
186374827,12.618,14.9,1769975637290,1
186374828,12.62,1.6,1769975637292,1
186374829,12.617,0.9,1769975637298,1
186374830,12.616,0.9,1769975637298,1
186374831,12.615,4.2,1769975637298,1
186374832,12.614,2.9,1769975637298,1
186374833,12.613,8.1,1769975637298,1
186374834,12.612,4.8,1769975637321,1
186374835,12.611,33.4,1769975637321,1
186374836,12.61,0.9,1769975637323,1
186374837,12.613,7.9,1769975637345,0
186374838,12.614,7.2,1769975637345,0
186374839,12.615,11.0,1769975637345,0
186374840,12.616,8.8,1769975637345,0
186374841,12.617,3.0,1769975637345,0
186374842,12.618,0.9,1769975637345,0
186374843,12.619,0.9,1769975637345,0
186374844,12.62,58.8,1769975637345,0
186374845,12.621,37.8,1769975637345,0
186374846,12.622,18.7,1769975637345,0
186374847,12.623,39.8,1769975637345,0
186374848,12.624,31.6,1769975637345,0
186374849,12.612,7.2,1769975637375,1
186374850,12.611,7.2,1769975637375,1
186374851,12.61,2.5,1769975637382,1
186374852,12.616,1.6,1769975637420,0
186374853,12.618,0.9,1769975637420,0
186374854,12.619,0.9,1769975637420,0
186374855,12.62,8.8,1769975637420,0
186374856,12.621,7.6,1769975637420,0
186374857,12.614,2.8,1769975637425,1
186374858,12.616,3.0,1769975637438,1
186374859,12.614,15.9,1769975637438,1
186374860,12.613,9.2,1769975637438,1
186374861,12.612,28.1,1769975637438,1
186374862,12.611,11.9,1769975637438,1
186374863,12.61,26.4,1769975637438,1
186374864,12.609,14.4,1769975637438,1
186374865,12.608,5.8,1769975637438,1
186374866,12.607,26.1,1769975637438,1
186374867,12.613,0.9,1769975637465,0
186374868,12.614,0.9,1769975637466,0
186374869,12.616,2.5,1769975637475,0
186374870,12.619,0.2,1769975637475,0
186374871,12.618,0.9,1769975637523,0
186374872,12.619,7.8,1769975637523,0
186374873,12.62,7.2,1769975637523,0
186374874,12.621,0.9,1769975637523,0
186374875,12.622,0.9,1769975637523,0
186374876,12.623,17.1,1769975637523,0
186374877,12.624,5.3,1769975637526,0
186374878,12.617,1.6,1769975637526,1
186374879,12.618,23.8,1769975637566,1
186374880,12.617,5.6,1769975637566,1
186374881,12.616,10.3,1769975637566,1
186374882,12.615,0.9,1769975637566,1
186374883,12.614,2.6,1769975637566,1
186374884,12.617,3.4,1769975637832,1
186374885,12.621,8.1,1769975637863,0
186374886,12.622,0.9,1769975637863,0
186374887,12.623,8.1,1769975637863,0
186374888,12.624,9.5,1769975637863,0
186374889,12.625,9.3,1769975637863,0
186374890,12.626,14.1,1769975637863,0
186374891,12.621,1.8,1769975637887,1
186374892,12.625,6.7,1769975637963,0
186374893,12.626,34.3,1769975638002,0
186374894,12.627,2.9,1769975638002,0
186374895,12.628,0.9,1769975638004,0
186374896,12.629,1.5,1769975638004,0
186374897,12.629,4.0,1769975638026,1
186374898,12.63,4.4,1769975638040,0
186374899,12.631,11.6,1769975638040,0
186374900,12.632,6.9,1769975638043,0
186374901,12.633,1.3,1769975638043,0
186374902,12.63,2.0,1769975638043,1
186374903,12.629,1.0,1769975638043,1
186374904,12.628,2.9,1769975638043,1
186374905,12.627,8.6,1769975638043,1
186374906,12.626,0.9,1769975638043,1
186374907,12.625,14.4,1769975638043,1
186374908,12.624,7.2,1769975638043,1
186374909,12.623,20.4,1769975638043,1
186374910,12.622,14.7,1769975638043,1
186374911,12.621,41.4,1769975638043,1
186374912,12.62,36.2,1769975638043,1
186374913,12.619,13.8,1769975638043,1
186374914,12.63,10.2,1769975638044,1
186374915,12.629,3.7,1769975638044,1
186374916,12.619,5.3,1769975638044,1
186374917,12.618,56.0,1769975638044,1
186374918,12.617,148.7,1769975638044,1
186374919,12.627,1.6,1769975638045,1
186374920,12.626,35.9,1769975638045,1
186374921,12.623,4.9,1769975638049,1
186374922,12.623,3.9,1769975638057,0
186374923,12.628,7.2,1769975638073,0
186374924,12.629,7.2,1769975638073,0
186374925,12.631,0.9,1769975638103,0
186374926,12.632,0.9,1769975638103,0
186374927,12.633,21.1,1769975638103,0
186374928,12.634,30.5,1769975638103,0
186374929,12.635,1.5,1769975638103,0
186374930,12.636,10.0,1769975638103,0
186374931,12.637,13.8,1769975638103,0
186374932,12.638,0.4,1769975638103,0
186374933,12.628,48.3,1769975638106,1
186374934,12.627,64.7,1769975638106,1
186374935,12.626,7.1,1769975638106,1
186374936,12.625,13.7,1769975638106,1
186374937,12.624,37.0,1769975638106,1
186374938,12.623,7.9,1769975638106,1
186374939,12.622,20.6,1769975638106,1
186374940,12.632,0.6,1769975638115,0
186374941,12.627,3.6,1769975638123,0
186374942,12.621,4.9,1769975638133,1
186374943,12.62,17.1,1769975638133,1
186374944,12.619,12.3,1769975638133,1
186374945,12.618,8.9,1769975638133,1
186374946,12.617,1.4,1769975638133,1
186374947,12.616,5.0,1769975638133,1
186374948,12.615,10.5,1769975638133,1
186374949,12.614,1.3,1769975638133,1
186374950,12.613,0.5,1769975638135,1
186374951,12.618,3.5,1769975638153,1
186374952,12.617,0.7,1769975638153,1
186374953,12.615,3.1,1769975638172,1
186374954,12.614,16.8,1769975638172,1
186374955,12.613,18.6,1769975638172,1
186374956,12.616,2.0,1769975638227,0
186374957,12.617,5.0,1769975638227,0
186374958,12.618,2.9,1769975638227,0
186374959,12.619,0.9,1769975638227,0
186374960,12.62,7.2,1769975638227,0
186374961,12.621,2.9,1769975638227,0
186374962,12.622,29.7,1769975638227,0
186374963,12.615,2.9,1769975638259,1
186374964,12.614,0.9,1769975638293,1
186374965,12.613,0.9,1769975638309,1
186374966,12.612,0.9,1769975638310,1
186374967,12.611,14.5,1769975638312,1
186374968,12.61,7.9,1769975638451,1
186374969,12.609,45.7,1769975638451,1
186374970,12.608,1.8,1769975638453,1
186374971,12.607,0.9,1769975638455,1
186374972,12.607,16.8,1769975638502,0
186374973,12.608,6.3,1769975638556,0
186374974,12.609,16.8,1769975638599,0
186374975,12.61,0.9,1769975638601,0
186374976,12.61,0.5,1769975638614,1
186374977,12.611,2.5,1769975638634,0
186374978,12.612,2.9,1769975638634,0
186374979,12.613,7.3,1769975638634,0
186374980,12.615,0.9,1769975638638,0
186374981,12.616,8.9,1769975638638,0
186374982,12.617,81.3,1769975638638,0
186374983,12.618,0.9,1769975638638,0
186374984,12.619,3.5,1769975638638,0
186374985,12.62,0.9,1769975638638,0
186374986,12.621,6.6,1769975638638,0
186374987,12.622,2.9,1769975638638,0
186374988,12.623,13.3,1769975638638,0
186374989,12.622,1.6,1769975638640,0
186374990,12.624,3.0,1769975638645,0
186374991,12.625,0.9,1769975638645,0
186374992,12.626,0.9,1769975638653,0
186374993,12.627,0.9,1769975638654,0
186374994,12.628,2.8,1769975638654,0
186374995,12.629,0.9,1769975638654,0
186374996,12.63,11.0,1769975638654,0
186374997,12.631,1.3,1769975638660,0
186374998,12.632,0.9,1769975638660,0
186374999,12.633,1.3,1769975638662,0
186375000,12.634,0.9,1769975638663,0
186375001,12.632,27.0,1769975638664,1
186375002,12.635,2.5,1769975638691,0
186375003,12.636,0.9,1769975638691,0
186375004,12.637,3.2,1769975638691,0
186375005,12.638,2.3,1769975638691,0
186375006,12.639,0.9,1769975638691,0
186375007,12.64,1.4,1769975638691,0
186375008,12.641,24.6,1769975638691,0
186375009,12.642,53.6,1769975638691,0
186375010,12.643,6.3,1769975638691,0
186375011,12.644,5.9,1769975638691,0
186375012,12.645,9.7,1769975638691,0
186375013,12.646,5.9,1769975638691,0
186375014,12.647,37.5,1769975638691,0
186375015,12.648,6.4,1769975638691,0
186375016,12.649,38.7,1769975638691,0
186375017,12.65,73.7,1769975638691,0
186375018,12.651,49.5,1769975638691,0
186375019,12.652,57.0,1769975638691,0
186375020,12.653,10.1,1769975638691,0
186375021,12.654,10.1,1769975638691,0
186375022,12.655,19.7,1769975638691,0
186375023,12.656,12.5,1769975638691,0
186375024,12.657,26.2,1769975638691,0
186375025,12.658,42.6,1769975638691,0
186375026,12.659,86.3,1769975638691,0
186375027,12.66,16.0,1769975638691,0
186375028,12.661,42.1,1769975638691,0
186375029,12.662,90.6,1769975638691,0
186375030,12.663,3.1,1769975638691,0
186375031,12.644,1.6,1769975638693,0
186375032,12.653,2.0,1769975638694,0
186375033,12.655,1.6,1769975638694,0
186375034,12.661,3.5,1769975638694,0
186375035,12.662,29.8,1769975638694,0
186375036,12.663,46.3,1769975638694,0
186375037,12.664,0.9,1769975638694,0
186375038,12.665,2.5,1769975638694,0
186375039,12.666,43.8,1769975638694,0
186375040,12.667,27.3,1769975638694,0
186375041,12.646,7.4,1769975638696,1
186375042,12.645,17.7,1769975638696,1
186375043,12.644,1.5,1769975638696,1
186375044,12.653,1.6,1769975638700,1
186375045,12.646,84.1,1769975638717,1
186375046,12.645,6.8,1769975638718,1
186375047,12.644,0.9,1769975638718,1
186375048,12.643,84.7,1769975638719,1
186375049,12.642,3.5,1769975638719,1
186375050,12.646,1.6,1769975638722,1
186375051,12.644,1.6,1769975638726,1
186375052,12.643,1.6,1769975638729,1
186375053,12.643,4.7,1769975638733,0
186375054,12.642,1.6,1769975638733,1
186375055,12.642,3.1,1769975638733,0
186375056,12.644,8.2,1769975638733,0
186375057,12.645,10.1,1769975638733,0
186375058,12.646,19.9,1769975638733,0
186375059,12.647,18.2,1769975638735,0
186375060,12.648,8.8,1769975638738,0
186375061,12.65,7.8,1769975638741,1
186375062,12.649,7.8,1769975638741,1
186375063,12.651,0.9,1769975638741,0
186375064,12.652,0.9,1769975638741,0
186375065,12.653,0.9,1769975638741,0
186375066,12.654,8.8,1769975638741,0
186375067,12.655,1.6,1769975638746,1
186375068,12.654,1.6,1769975638749,1
186375069,12.653,0.9,1769975638749,1
186375070,12.652,0.9,1769975638749,1
186375071,12.651,3.7,1769975638749,1
186375072,12.65,7.2,1769975638749,1
186375073,12.648,6.9,1769975638749,1
186375074,12.646,14.2,1769975638749,1
186375075,12.645,29.9,1769975638749,1
186375076,12.644,6.1,1769975638749,1
186375077,12.645,2.7,1769975638776,1
186375078,12.642,1.6,1769975638793,1
186375079,12.641,16.9,1769975638795,1
186375080,12.64,0.9,1769975638813,1
186375081,12.639,2.3,1769975638813,1
186375082,12.638,0.9,1769975638813,1
186375083,12.637,13.5,1769975638813,1
186375084,12.641,0.5,1769975638814,0
186375085,12.637,0.9,1769975638814,1
186375086,12.636,1.3,1769975638814,1
186375087,12.635,1.3,1769975638814,1
186375088,12.634,1.6,1769975638814,1
186375089,12.638,7.9,1769975638834,0
186375090,12.639,4.4,1769975638834,0
186375091,12.633,3.2,1769975638861,1
186375092,12.632,0.9,1769975638866,1
186375093,12.631,2.5,1769975638866,1
186375094,12.63,0.9,1769975638867,1
186375095,12.629,0.9,1769975638867,1
186375096,12.628,1.7,1769975638891,1
186375097,12.627,2.3,1769975638891,1
186375098,12.626,10.9,1769975638891,1
186375099,12.625,1.3,1769975638891,1
186375100,12.624,17.2,1769975638891,1
186375101,12.623,14.9,1769975638891,1
186375102,12.622,16.7,1769975638891,1
186375103,12.621,42.8,1769975638891,1
186375104,12.62,2.5,1769975638891,1
186375105,12.619,34.3,1769975638891,1
186375106,12.618,55.1,1769975638891,1
186375107,12.617,9.2,1769975638891,1
186375108,12.616,27.6,1769975638891,1
186375109,12.63,7.7,1769975638915,0
186375110,12.631,9.0,1769975638915,0
186375111,12.632,24.6,1769975638915,0
186375112,12.633,16.2,1769975638915,0
186375113,12.634,23.9,1769975638915,0
186375114,12.635,24.6,1769975638915,0
186375115,12.636,37.8,1769975638915,0
186375116,12.637,0.4,1769975638915,0
186375117,12.639,55.0,1769975638915,0
186375118,12.632,1.6,1769975638916,0
186375119,12.632,12.8,1769975638916,1
186375120,12.629,0.7,1769975638981,0
186375121,12.624,18.3,1769975638999,1
186375122,12.623,0.9,1769975639007,1
186375123,12.622,8.1,1769975639007,1
186375124,12.621,2.5,1769975639007,1
186375125,12.62,4.8,1769975639007,1
186375126,12.623,5.5,1769975639039,1
186375127,12.622,6.0,1769975639039,1
186375128,12.621,8.0,1769975639039,1
186375129,12.62,0.9,1769975639039,1
186375130,12.619,0.9,1769975639039,1
186375131,12.618,33.1,1769975639039,1
186375132,12.617,74.9,1769975639039,1
186375133,12.63,2.0,1769975639039,0
186375134,12.631,51.8,1769975639039,0
186375135,12.632,8.7,1769975639039,0
186375136,12.63,21.3,1769975639105,0
186375137,12.631,0.9,1769975639139,0
186375138,12.632,2.1,1769975639139,0
186375139,12.627,2.0,1769975639200,1
186375140,12.626,22.4,1769975639200,1
186375141,12.625,13.6,1769975639200,1
186375142,12.624,16.7,1769975639200,1
186375143,12.623,17.1,1769975639200,1
186375144,12.622,8.1,1769975639200,1
186375145,12.621,42.8,1769975639200,1
186375146,12.62,1.3,1769975639200,1
186375147,12.619,45.0,1769975639200,1
186375148,12.618,1.7,1769975639200,1
186375149,12.617,88.1,1769975639200,1
186375150,12.624,1.6,1769975639204,1
186375151,12.621,2.0,1769975639313,0
186375152,12.622,6.5,1769975639313,0
186375153,12.624,11.9,1769975639313,0
186375154,12.625,5.9,1769975639313,0
186375155,12.626,2.0,1769975639313,0
186375156,12.627,18.4,1769975639313,0
186375157,12.628,6.9,1769975639328,0
186375158,12.621,0.9,1769975639467,1
186375159,12.62,2.5,1769975639467,1
186375160,12.619,6.6,1769975639467,1
186375161,12.618,0.9,1769975639483,1
186375162,12.617,8.6,1769975639483,1
186375163,12.616,0.9,1769975639483,1
186375164,12.615,5.3,1769975639483,1
186375165,12.614,1.3,1769975639483,1
186375166,12.613,0.5,1769975639485,1
186375167,12.614,0.5,1769975639539,1
186375168,12.613,3.7,1769975639539,1
186375169,12.612,0.9,1769975639539,1
186375170,12.611,0.9,1769975639539,1
186375171,12.61,32.7,1769975639539,1
186375172,12.609,0.5,1769975639539,1
186375173,12.615,7.2,1769975639603,0
186375174,12.616,11.0,1769975639603,0
186375175,12.617,8.8,1769975639603,0
186375176,12.618,22.8,1769975639603,0
186375177,12.619,8.1,1769975639666,0
186375178,12.62,5.2,1769975639699,0
186375179,12.614,1.7,1769975639704,1
186375180,12.613,0.5,1769975639711,1
186375181,12.612,3.9,1769975639790,1
186375182,12.613,16.0,1769975639807,1
186375183,12.612,7.6,1769975639808,1
186375184,12.611,0.9,1769975639808,1
186375185,12.61,16.8,1769975639809,1
186375186,12.609,47.4,1769975639809,1
186375187,12.609,7.2,1769975639818,0
186375188,12.61,2.6,1769975639818,0
186375189,12.608,29.6,1769975639874,1
186375190,12.607,0.9,1769975639888,1
186375191,12.606,1.3,1769975639888,1
186375192,12.605,0.9,1769975639888,1
186375193,12.604,5.8,1769975639888,1
186375194,12.603,4.4,1769975639888,1
186375195,12.602,1.4,1769975639888,1
186375196,12.601,31.2,1769975639888,1
186375197,12.607,0.1,1769975639895,0
186375198,12.602,3.9,1769975639908,1
186375199,12.606,7.3,1769975640029,0
186375200,12.608,7.2,1769975640031,0
186375201,12.607,7.2,1769975640032,1
186375202,12.608,0.8,1769975640033,0
186375203,12.609,0.9,1769975640033,0
186375204,12.61,15.7,1769975640033,0
186375205,12.607,1.0,1769975640053,1
186375206,12.608,5.0,1769975640127,1
186375207,12.611,2.5,1769975640129,0
186375208,12.612,0.9,1769975640129,0
186375209,12.613,0.5,1769975640129,0
186375210,12.608,4.2,1769975640217,0
186375211,12.61,1.6,1769975640223,0
186375212,12.611,7.9,1769975640223,0
186375213,12.607,0.1,1769975640265,1
186375214,12.605,0.9,1769975640266,1
186375215,12.604,0.9,1769975640266,1
186375216,12.603,0.9,1769975640315,1
186375217,12.602,8.2,1769975640316,1
186375218,12.605,2.7,1769975640341,0
186375219,12.602,6.8,1769975640392,1
186375220,12.606,5.8,1769975640437,0
186375221,12.608,0.9,1769975640462,0
186375222,12.608,9.4,1769975640484,1
186375223,12.607,8.1,1769975640485,1
186375224,12.606,6.9,1769975640485,1
186375225,12.608,0.9,1769975640529,0
186375226,12.609,10.4,1769975640529,0
186375227,12.61,0.9,1769975640530,0
186375228,12.611,8.4,1769975640530,0
186375229,12.612,3.7,1769975640531,0
186375230,12.613,27.5,1769975640531,0
186375231,12.613,7.2,1769975640533,1
186375232,12.609,1.6,1769975640548,1
186375233,12.605,6.4,1769975640575,1
186375234,12.611,6.9,1769975640576,0
186375235,12.612,1.2,1769975640576,0
186375236,12.604,0.9,1769975640577,1
186375237,12.608,1.6,1769975640582,0
186375238,12.609,13.9,1769975640582,0
186375239,12.61,0.9,1769975640593,0
186375240,12.611,0.9,1769975640593,0
186375241,12.612,0.9,1769975640593,0
186375242,12.613,7.8,1769975640593,0
186375243,12.614,15.3,1769975640593,0
186375244,12.615,1.4,1769975640593,0
186375245,12.616,42.7,1769975640593,0
186375246,12.617,2.2,1769975640593,0
186375247,12.618,6.5,1769975640593,0
186375248,12.619,0.5,1769975640595,0
186375249,12.618,7.2,1769975640598,1
186375250,12.617,0.4,1769975640599,0
186375251,12.613,3.0,1769975640601,1
186375252,12.612,7.6,1769975640604,1
186375253,12.611,1.6,1769975640606,1
186375254,12.61,1.0,1769975640606,1
186375255,12.609,7.3,1769975640608,1
186375256,12.608,32.0,1769975640608,1
186375257,12.607,46.9,1769975640608,1
186375258,12.609,2.5,1769975640608,1
186375259,12.608,0.9,1769975640608,1
186375260,12.607,79.4,1769975640608,1
186375261,12.608,32.2,1769975640611,1
186375262,12.607,403.6,1769975640611,1
186375263,12.609,1.6,1769975640613,1
186375264,12.605,16.8,1769975640614,1
186375265,12.604,2.8,1769975640614,1
186375266,12.603,63.2,1769975640614,1
186375267,12.607,5.0,1769975640631,0
186375268,12.608,0.9,1769975640637,0
186375269,12.609,0.9,1769975640637,0
186375270,12.61,10.3,1769975640637,0
186375271,12.611,7.9,1769975640637,0
186375272,12.612,7.5,1769975640638,0
186375273,12.608,1.6,1769975640639,0
186375274,12.612,7.2,1769975640639,0
186375275,12.613,23.7,1769975640639,0
186375276,12.614,12.7,1769975640639,0
186375277,12.616,8.1,1769975640644,0
186375278,12.617,8.1,1769975640644,0
186375279,12.618,8.1,1769975640644,0
186375280,12.619,0.4,1769975640644,0
186375281,12.62,2.8,1769975640644,0
186375282,12.614,11.2,1769975640653,1
186375283,12.618,7.4,1769975640671,0
186375284,12.613,7.2,1769975640706,1
186375285,12.612,213.1,1769975640706,1
186375286,12.613,4.9,1769975640708,1
186375287,12.612,0.9,1769975640708,1
186375288,12.611,9.0,1769975640708,1
186375289,12.61,0.9,1769975640708,1
186375290,12.609,0.9,1769975640708,1
186375291,12.607,3.3,1769975640708,1
186375292,12.608,0.9,1769975640708,1
186375293,12.607,0.9,1769975640708,1
186375294,12.603,17.7,1769975640709,1
186375295,12.606,7.2,1769975640732,0
186375296,12.607,7.2,1769975640732,0
186375297,12.609,7.2,1769975640733,0
186375298,12.611,1.6,1769975640733,0
186375299,12.613,4.2,1769975640733,0
186375300,12.614,9.2,1769975640733,0
186375301,12.615,7.8,1769975640737,1
186375302,12.611,1.1,1769975640777,0
186375303,12.609,1.6,1769975640813,1
186375304,12.608,4.9,1769975640813,1
186375305,12.607,0.9,1769975640813,1
186375306,12.606,16.9,1769975640813,1
186375307,12.605,6.9,1769975640813,1
186375308,12.604,16.8,1769975640813,1
186375309,12.603,15.9,1769975640813,1
186375310,12.602,6.3,1769975640813,1
186375311,12.601,62.7,1769975640813,1
186375312,12.6,273.7,1769975640813,1
186375313,12.599,98.6,1769975640813,1
186375314,12.598,6.7,1769975640813,1
186375315,12.597,84.3,1769975640813,1
186375316,12.596,47.7,1769975640813,1
186375317,12.595,12.8,1769975640813,1
186375318,12.594,0.9,1769975640813,1
186375319,12.593,6.3,1769975640813,1
186375320,12.592,32.9,1769975640813,1
186375321,12.601,1.6,1769975640815,1
186375322,12.602,0.5,1769975641071,0
186375323,12.603,6.2,1769975641071,0
186375324,12.606,0.9,1769975641078,0
186375325,12.607,0.9,1769975641080,0
186375326,12.608,0.9,1769975641086,0
186375327,12.609,1.4,1769975641089,0
186375328,12.61,1.3,1769975641091,0
186375329,12.611,1.4,1769975641093,0
186375330,12.612,0.9,1769975641095,0
186375331,12.612,7.8,1769975641098,1
186375332,12.61,203.2,1769975641101,1
186375333,12.613,17.6,1769975641101,0
186375334,12.614,24.0,1769975641101,0
186375335,12.609,8.1,1769975641123,1
186375336,12.608,0.9,1769975641123,1
186375337,12.607,7.1,1769975641123,1
186375338,12.611,1.6,1769975641134,0
186375339,12.612,9.3,1769975641141,0
186375340,12.613,11.2,1769975641141,0
186375341,12.614,14.5,1769975641141,0
186375342,12.615,13.5,1769975641141,0
186375343,12.612,7.8,1769975641143,1
186375344,12.609,1.6,1769975641143,1
186375345,12.615,0.5,1769975641144,0
186375346,12.611,1.0,1769975641156,1
186375347,12.609,1.8,1769975641222,1
186375348,12.608,0.9,1769975641235,1
186375349,12.607,0.9,1769975641235,1
186375350,12.606,0.9,1769975641235,1
186375351,12.605,0.9,1769975641235,1
186375352,12.604,1.3,1769975641235,1
186375353,12.603,7.6,1769975641235,1
186375354,12.602,24.9,1769975641235,1
186375355,12.601,32.5,1769975641235,1
186375356,12.609,23.1,1769975641239,0
186375357,12.61,3.8,1769975641239,0
186375358,12.603,4.9,1769975641283,1
186375359,12.602,19.1,1769975641283,1
186375360,12.601,33.1,1769975641283,1
186375361,12.6,7.4,1769975641283,1
186375362,12.599,0.9,1769975641283,1
186375363,12.598,5.8,1769975641283,1
186375364,12.597,10.2,1769975641283,1
186375365,12.607,4.2,1769975641297,0
186375366,12.6,9.6,1769975641370,1
186375367,12.599,5.7,1769975641370,1
186375368,12.604,0.4,1769975641378,0
186375369,12.599,11.9,1769975641399,1
186375370,12.598,11.9,1769975641399,1
186375371,12.597,15.8,1769975641399,1
186375372,12.602,5.6,1769975641493,0
186375373,12.603,0.9,1769975641534,0
186375374,12.604,0.9,1769975641536,0
186375375,12.605,0.9,1769975641538,0
186375376,12.606,0.9,1769975641539,0
186375377,12.606,0.6,1769975641550,1
186375378,12.607,4.2,1769975641680,0
186375379,12.606,7.8,1769975641719,1
186375380,12.605,0.9,1769975641726,1
186375381,12.604,0.4,1769975641729,1
186375382,12.606,0.6,1769975641730,0
186375383,12.604,0.5,1769975641733,1
186375384,12.607,41.5,1769975641738,0
186375385,12.608,0.9,1769975641740,0
186375386,12.609,0.9,1769975641741,0
186375387,12.609,4.1,1769975641746,1
186375388,12.606,7.2,1769975641774,1
186375389,12.605,11.9,1769975641774,1
186375390,12.604,17.3,1769975641774,1
186375391,12.603,11.7,1769975641774,1
186375392,12.608,0.4,1769975641861,0
186375393,12.607,4.5,1769975641937,0
186375394,12.608,13.2,1769975641937,0
186375395,12.609,0.9,1769975641937,0
186375396,12.61,6.6,1769975641937,0
186375397,12.611,2.5,1769975641988,0
186375398,12.612,0.9,1769975641988,0
186375399,12.613,8.8,1769975641988,0
186375400,12.614,19.3,1769975641989,0
186375401,12.615,1.8,1769975641989,0
186375402,12.616,14.0,1769975641989,0
186375403,12.617,0.9,1769975641991,0
186375404,12.618,0.9,1769975641999,0
186375405,12.619,5.6,1769975642003,0
186375406,12.62,4.8,1769975642043,0
186375407,12.621,1.3,1769975642043,0
186375408,12.622,0.9,1769975642043,0
186375409,12.623,1.3,1769975642048,0
186375410,12.624,0.9,1769975642058,0
186375411,12.625,1.3,1769975642058,0
186375412,12.625,11.5,1769975642067,1
186375413,12.624,0.9,1769975642076,1
186375414,12.623,11.9,1769975642076,1
186375415,12.622,6.0,1769975642076,1
186375416,12.621,10.4,1769975642076,1
186375417,12.62,0.6,1769975642076,1
186375418,12.626,9.4,1769975642114,0
186375419,12.627,10.7,1769975642114,0
186375420,12.628,1.4,1769975642117,0
186375421,12.629,1.3,1769975642122,0
186375422,12.628,5.9,1769975642140,1
186375423,12.63,1.3,1769975642142,0
186375424,12.631,1.3,1769975642143,0
186375425,12.632,7.2,1769975642143,0
186375426,12.633,2.9,1769975642143,0
186375427,12.634,2.9,1769975642143,0
186375428,12.635,0.9,1769975642143,0
186375429,12.636,14.2,1769975642143,0
186375430,12.637,5.5,1769975642143,0
186375431,12.633,1.6,1769975642148,0
186375432,12.632,23.4,1769975642191,1
186375433,12.631,14.4,1769975642191,1
186375434,12.63,9.3,1769975642191,1
186375435,12.629,30.7,1769975642191,1
186375436,12.633,7.7,1769975642324,1
186375437,12.632,5.6,1769975642355,1
186375438,12.631,6.5,1769975642355,1
186375439,12.63,6.5,1769975642355,1
186375440,12.629,7.0,1769975642356,1
186375441,12.628,0.9,1769975642377,1
186375442,12.627,2.3,1769975642377,1
186375443,12.626,6.2,1769975642377,1
186375444,12.625,0.9,1769975642381,1
186375445,12.624,0.9,1769975642385,1
186375446,12.623,11.2,1769975642392,1
186375447,12.622,20.2,1769975642394,1
186375448,12.621,0.5,1769975642397,1
186375449,12.622,14.6,1769975642490,0
186375450,12.623,5.2,1769975642490,0
186375451,12.624,0.9,1769975642490,0
186375452,12.625,0.9,1769975642490,0
186375453,12.626,1.4,1769975642491,0
186375454,12.627,8.2,1769975642491,0
186375455,12.624,2.0,1769975642596,0
186375456,12.625,1.2,1769975642596,0
186375457,12.621,5.6,1769975642614,1
186375458,12.62,5.5,1769975642614,1
186375459,12.619,6.1,1769975642614,1
186375460,12.618,17.2,1769975642614,1
186375461,12.623,3.2,1769975642692,0
186375462,12.624,0.9,1769975642763,0
186375463,12.625,0.9,1769975642787,0
186375464,12.625,12.8,1769975642804,1
186375465,12.624,2.3,1769975642804,1
186375466,12.626,6.6,1769975642804,0
186375467,12.627,35.8,1769975642832,0
186375468,12.628,3.8,1769975642833,0
186375469,12.629,1.3,1769975642847,0
186375470,12.63,0.9,1769975642853,0
186375471,12.63,0.1,1769975642858,1
186375472,12.631,0.9,1769975642922,0
186375473,12.632,0.9,1769975642922,0
186375474,12.632,28.6,1769975643038,0
186375475,12.633,0.9,1769975643042,0
186375476,12.634,5.4,1769975643042,0
186375477,12.635,0.9,1769975643046,0
186375478,12.635,27.7,1769975643081,1
186375479,12.634,0.9,1769975643086,1
186375480,12.633,0.9,1769975643102,1
186375481,12.632,4.1,1769975643102,1
186375482,12.634,1.6,1769975643139,0
186375483,12.635,8.1,1769975643139,0
186375484,12.636,0.2,1769975643139,0
186375485,12.632,30.4,1769975643217,1
186375486,12.631,0.9,1769975643217,1
186375487,12.63,33.5,1769975643217,1
186375488,12.629,0.9,1769975643221,1
186375489,12.628,1.3,1769975643224,1
186375490,12.628,6.8,1769975643250,0
186375491,12.629,9.3,1769975643250,0
186375492,12.63,2.0,1769975643255,0
186375493,12.631,2.0,1769975643287,0
186375494,12.632,0.3,1769975643287,0
186375495,12.63,7.8,1769975643290,1
186375496,12.628,17.9,1769975643290,1
186375497,12.627,7.9,1769975643290,1
186375498,12.626,0.9,1769975643290,1
186375499,12.625,6.6,1769975643290,1
186375500,12.624,3.1,1769975643290,1
186375501,12.63,19.9,1769975643292,1
186375502,12.624,7.1,1769975643315,1
186375503,12.628,7.2,1769975643340,0
186375504,12.629,15.3,1769975643340,0
186375505,12.631,0.9,1769975643341,0
186375506,12.632,16.8,1769975643343,0
186375507,12.633,15.1,1769975643347,0
186375508,12.634,2.5,1769975643361,0
186375509,12.635,0.9,1769975643430,0
186375510,12.636,0.7,1769975643432,0
186375511,12.637,1.3,1769975643432,0
186375512,12.638,4.3,1769975643432,0
186375513,12.639,2.3,1769975643433,0
186375514,12.64,0.9,1769975643437,0
186375515,12.641,0.9,1769975643439,0
186375516,12.642,6.6,1769975643497,0
186375517,12.643,0.9,1769975643498,0
186375518,12.644,0.9,1769975643500,0
186375519,12.644,7.8,1769975643592,1
186375520,12.643,0.9,1769975643639,1
186375521,12.642,5.6,1769975643639,1
186375522,12.641,0.9,1769975643639,1
186375523,12.64,20.8,1769975643654,1
186375524,12.639,0.9,1769975643654,1
186375525,12.638,8.1,1769975643654,1
186375526,12.637,1.7,1769975643654,1
186375527,12.64,2.0,1769975643711,0
186375528,12.641,10.1,1769975643711,0
186375529,12.642,10.4,1769975643711,0
186375530,12.643,3.8,1769975643711,0
186375531,12.638,0.4,1769975643742,1
186375532,12.643,8.0,1769975643752,0
186375533,12.638,6.8,1769975643788,1
186375534,12.637,24.1,1769975643788,1
186375535,12.638,7.2,1769975643935,1
186375536,12.637,10.3,1769975643935,1
186375537,12.636,0.9,1769975643935,1
186375538,12.635,5.5,1769975643935,1
186375539,12.634,13.9,1769975643935,1
186375540,12.633,9.7,1769975643935,1
186375541,12.632,69.5,1769975643935,1
186375542,12.631,12.8,1769975643935,1
186375543,12.63,108.3,1769975643935,1
186375544,12.629,0.9,1769975643935,1
186375545,12.628,0.9,1769975643935,1
186375546,12.627,14.8,1769975643935,1
186375547,12.633,1.6,1769975643938,1
186375548,12.631,0.8,1769975643961,1
186375549,12.63,0.9,1769975643961,1
186375550,12.629,1.7,1769975643961,1
186375551,12.627,0.9,1769975643961,1
186375552,12.626,0.9,1769975643961,1
186375553,12.625,1.7,1769975643961,1
186375554,12.624,8.4,1769975643961,1
186375555,12.623,5.8,1769975643961,1
186375556,12.622,16.7,1769975643961,1
186375557,12.621,4.0,1769975643961,1
186375558,12.623,1.6,1769975644057,1
186375559,12.622,7.2,1769975644057,1
186375560,12.621,1.7,1769975644057,1
186375561,12.62,0.9,1769975644057,1
186375562,12.619,4.7,1769975644057,1
186375563,12.618,14.7,1769975644057,1
186375564,12.617,0.9,1769975644057,1
186375565,12.616,17.2,1769975644057,1
186375566,12.615,32.7,1769975644057,1
186375567,12.622,3.6,1769975644125,0
186375568,12.623,2.0,1769975644125,0
186375569,12.624,3.8,1769975644153,0
186375570,12.623,16.1,1769975644190,1
186375571,12.621,2.5,1769975644233,1
186375572,12.621,11.9,1769975644252,0
186375573,12.622,29.8,1769975644252,0
186375574,12.623,25.9,1769975644252,0
186375575,12.624,55.2,1769975644252,0
186375576,12.625,0.9,1769975644256,0
186375577,12.621,0.7,1769975644330,1
186375578,12.624,24.3,1769975644405,0
186375579,12.625,8.1,1769975644405,0
186375580,12.626,58.3,1769975644405,0
186375581,12.627,8.1,1769975644407,0
186375582,12.628,8.1,1769975644407,0
186375583,12.629,0.9,1769975644407,0
186375584,12.629,2.9,1769975644423,1
186375585,12.63,5.9,1769975644454,0
186375586,12.63,16.6,1769975644461,1
186375587,12.63,10.0,1769975644483,0
186375588,12.63,11.3,1769975644542,1
186375589,12.629,4.2,1769975644542,1
186375590,12.628,10.1,1769975644542,1
186375591,12.627,7.2,1769975644542,1
186375592,12.626,10.6,1769975644542,1
186375593,12.625,8.3,1769975644542,1
186375594,12.624,12.9,1769975644542,1
186375595,12.623,1.3,1769975644542,1
186375596,12.622,22.9,1769975644542,1
186375597,12.621,14.5,1769975644542,1
186375598,12.623,1.6,1769975644571,1
186375599,12.622,18.2,1769975644571,1
186375600,12.621,4.6,1769975644571,1
186375601,12.62,0.9,1769975644573,1
186375602,12.619,8.1,1769975644573,1
186375603,12.618,1.0,1769975644573,1
186375604,12.621,11.0,1769975644593,0
186375605,12.621,13.7,1769975644783,0
186375606,12.617,0.9,1769975644808,1
186375607,12.616,5.3,1769975644808,1
186375608,12.615,34.9,1769975644808,1
186375609,12.614,7.5,1769975644808,1
186375610,12.619,0.5,1769975644827,0
186375611,12.615,15.9,1769975644828,1
186375612,12.618,0.5,1769975644894,1
186375613,12.618,1.0,1769975644908,0
186375614,12.617,0.9,1769975644920,1
186375615,12.615,4.9,1769975644921,1
186375616,12.614,1.7,1769975644921,1
186375617,12.613,0.9,1769975644922,1
186375618,12.612,0.9,1769975644922,1
186375619,12.612,4.8,1769975644937,0
186375620,12.611,1.7,1769975644937,1
186375621,12.611,5.5,1769975644941,0
186375622,12.612,6.1,1769975644964,0
186375623,12.613,8.1,1769975644967,0
186375624,12.614,0.9,1769975644998,0
186375625,12.615,1.1,1769975644998,0
186375626,12.61,8.1,1769975645178,1
186375627,12.609,24.1,1769975645178,1
186375628,12.608,201.4,1769975645178,1
186375629,12.607,1.6,1769975645180,1
186375630,12.606,1.4,1769975645180,1
186375631,12.605,0.9,1769975645180,1
186375632,12.604,0.9,1769975645182,1
186375633,12.603,165.5,1769975645184,1
186375634,12.602,0.9,1769975645186,1
186375635,12.601,0.9,1769975645188,1
186375636,12.6,3.4,1769975645191,1
186375637,12.601,7.2,1769975645222,0
186375638,12.602,7.2,1769975645225,0
186375639,12.6,3.0,1769975645231,1
186375640,12.599,0.9,1769975645283,1
186375641,12.598,3.6,1769975645341,1
186375642,12.599,7.2,1769975645473,0
186375643,12.6,13.0,1769975645481,0
186375644,12.6,4.2,1769975645597,0
186375645,12.598,2.0,1769975645617,0
186375646,12.599,9.2,1769975645617,0
186375647,12.6,3.2,1769975645617,0
186375648,12.601,8.1,1769975645617,0
186375649,12.602,8.6,1769975645617,0
186375650,12.603,47.7,1769975645623,0
186375651,12.604,0.9,1769975645626,0
186375652,12.605,0.9,1769975645674,0
186375653,12.607,0.9,1769975645674,0
186375654,12.608,5.8,1769975645674,0
186375655,12.609,1.3,1769975645697,0
186375656,12.61,28.6,1769975645697,0
186375657,12.611,10.0,1769975645697,0
186375658,12.612,15.9,1769975645697,0
186375659,12.613,6.0,1769975645697,0
186375660,12.609,1.6,1769975645699,0
186375661,12.611,1.6,1769975645778,0
186375662,12.612,0.9,1769975645778,0
186375663,12.613,0.9,1769975645778,0
186375664,12.614,8.9,1769975645778,0
186375665,12.615,1.8,1769975645778,0
186375666,12.616,14.2,1769975645778,0
186375667,12.617,8.9,1769975645778,0
186375668,12.618,0.9,1769975645778,0
186375669,12.619,16.2,1769975645778,0
186375670,12.62,23.3,1769975645778,0
186375671,12.621,1.4,1769975645778,0
186375672,12.622,9.9,1769975645778,0
186375673,12.623,8.8,1769975645778,0
186375674,12.624,30.0,1769975645778,0
186375675,12.625,16.0,1769975645778,0
186375676,12.614,0.5,1769975645780,0
186375677,12.615,5.6,1769975645781,0
186375678,12.615,1.0,1769975645820,1
186375679,12.61,10.3,1769975645847,0
186375680,12.611,6.2,1769975645853,0
186375681,12.613,7.2,1769975645853,0
186375682,12.615,11.0,1769975645853,0
186375683,12.609,0.9,1769975645893,1
186375684,12.608,0.9,1769975645893,1
186375685,12.607,0.9,1769975645895,1
186375686,12.608,1.6,1769975645895,1
186375687,12.606,0.9,1769975645903,1
186375688,12.606,1.6,1769975645904,0
186375689,12.608,18.4,1769975645904,0
186375690,12.609,4.9,1769975645904,0
186375691,12.61,21.0,1769975645904,0
186375692,12.611,36.9,1769975645904,0
186375693,12.612,6.8,1769975645904,0
186375694,12.613,36.4,1769975645904,0
186375695,12.605,0.9,1769975646088,1
186375696,12.604,7.6,1769975646088,1
186375697,12.603,1.1,1769975646088,1
186375698,12.605,8.8,1769975646094,0
186375699,12.603,0.9,1769975646224,1
186375700,12.602,9.1,1769975646224,1
186375701,12.603,7.2,1769975646295,1
186375702,12.602,7.8,1769975646343,1
186375703,12.601,0.9,1769975646343,1
186375704,12.6,6.3,1769975646343,1
186375705,12.599,8.6,1769975646343,1
186375706,12.598,11.9,1769975646343,1
186375707,12.602,33.4,1769975646390,1
186375708,12.599,24.9,1769975646421,1
186375709,12.598,3.5,1769975646423,1
186375710,12.597,3.0,1769975646423,1
186375711,12.596,1.4,1769975646425,1
186375712,12.595,41.5,1769975646426,1
186375713,12.594,0.9,1769975646426,1
186375714,12.593,0.9,1769975646426,1
186375715,12.592,0.9,1769975646426,1
186375716,12.591,2.6,1769975646426,1
186375717,12.59,5.8,1769975646427,1
186375718,12.593,0.5,1769975646433,0
186375719,12.589,12.9,1769975646452,1
186375720,12.588,1.7,1769975646452,1
186375721,12.587,1.9,1769975646525,1
186375722,12.586,2.5,1769975646525,1
186375723,12.585,2.3,1769975646525,1
186375724,12.584,2.2,1769975646525,1
186375725,12.583,5.8,1769975646525,1
186375726,12.582,2.1,1769975646525,1
186375727,12.581,2.7,1769975646525,1
186375728,12.58,27.2,1769975646525,1
186375729,12.579,42.2,1769975646525,1
186375730,12.584,1.6,1769975646527,1
186375731,12.583,0.9,1769975646595,1
186375732,12.582,2.9,1769975646595,1
186375733,12.581,1.7,1769975646595,1
186375734,12.587,2.0,1769975646629,0
186375735,12.589,0.9,1769975646634,0
186375736,12.59,0.9,1769975646635,0
186375737,12.591,0.9,1769975646635,0
186375738,12.592,0.9,1769975646637,0
186375739,12.593,0.9,1769975646637,0
186375740,12.594,2.9,1769975646640,0
186375741,12.595,7.2,1769975646642,0
186375742,12.595,4.3,1769975646672,1
186375743,12.596,1.3,1769975646683,0
186375744,12.597,5.1,1769975646683,0
186375745,12.598,0.9,1769975646805,0
186375746,12.599,3.1,1769975646805,0
186375747,12.598,1.5,1769975646807,1
186375748,12.599,2.7,1769975646812,0
186375749,12.6,2.3,1769975646813,0
186375750,12.6,2.4,1769975646891,1
186375751,12.6,6.3,1769975647008,1
186375752,12.599,0.9,1769975647024,1
186375753,12.598,0.9,1769975647024,1
186375754,12.597,10.9,1769975647064,1
186375755,12.596,0.9,1769975647066,1
186375756,12.598,9.4,1769975647068,0
186375757,12.595,0.9,1769975647097,1
186375758,12.594,18.6,1769975647097,1
186375759,12.593,2.5,1769975647101,1
186375760,12.592,1.3,1769975647101,1
186375761,12.591,2.8,1769975647168,1
186375762,12.59,3.3,1769975647168,1
186375763,12.589,0.9,1769975647230,1
186375764,12.588,0.9,1769975647230,1
186375765,12.592,8.1,1769975647233,0
186375766,12.589,20.0,1769975647248,1
186375767,12.588,2.5,1769975647264,1
186375768,12.587,18.2,1769975647269,1
186375769,12.586,1.6,1769975647269,1
186375770,12.585,1.3,1769975647293,1
186375771,12.584,13.4,1769975647293,1
186375772,12.583,1.3,1769975647293,1
186375773,12.582,2.5,1769975647322,1
186375774,12.581,1.4,1769975647322,1
186375775,12.58,0.9,1769975647322,1
186375776,12.579,7.2,1769975647322,1
186375777,12.578,5.8,1769975647322,1
186375778,12.577,5.8,1769975647322,1
186375779,12.576,5.8,1769975647322,1
186375780,12.575,5.8,1769975647322,1
186375781,12.574,1.3,1769975647322,1
186375782,12.575,0.5,1769975647328,1
186375783,12.578,0.5,1769975647456,0
186375784,12.579,23.9,1769975647456,0
186375785,12.58,2.5,1769975647459,0
186375786,12.58,3.7,1769975647460,1
186375787,12.579,17.4,1769975647460,1
186375788,12.577,21.0,1769975647460,1
186375789,12.576,24.2,1769975647462,1
186375790,12.575,0.9,1769975647463,1
186375791,12.574,1.6,1769975647463,1
186375792,12.573,4.6,1769975647464,1
186375793,12.572,2.5,1769975647490,1
186375794,12.571,1.8,1769975647491,1
186375795,12.57,2.0,1769975647491,1
186375796,12.571,4.9,1769975647517,0
186375797,12.57,0.5,1769975647535,1
186375798,12.569,2.9,1769975647535,1
186375799,12.568,5.3,1769975647539,1
186375800,12.567,3.2,1769975647539,1
186375801,12.568,4.9,1769975647546,0
186375802,12.569,4.9,1769975647546,0
186375803,12.57,5.8,1769975647547,0
186375804,12.571,0.9,1769975647563,0
186375805,12.572,4.9,1769975647563,0
186375806,12.573,5.8,1769975647565,0
186375807,12.574,5.8,1769975647571,0
186375808,12.575,5.8,1769975647582,0
186375809,12.576,0.9,1769975647582,0
186375810,12.576,10.4,1769975647586,1
186375811,12.574,10.2,1769975647589,1
186375812,12.573,7.8,1769975647591,1
186375813,12.576,7.2,1769975647593,0
186375814,12.577,7.1,1769975647593,0
186375815,12.573,15.2,1769975647594,1
186375816,12.577,1.6,1769975647594,0
186375817,12.577,7.8,1769975647639,1
186375818,12.575,6.5,1769975647639,1
186375819,12.573,37.2,1769975647639,1
186375820,12.572,7.1,1769975647639,1
186375821,12.571,16.8,1769975647639,1
186375822,12.57,24.6,1769975647639,1
186375823,12.571,2.0,1769975647652,1
186375824,12.57,2.9,1769975647652,1
186375825,12.569,0.9,1769975647652,1
186375826,12.568,11.9,1769975647652,1
186375827,12.567,5.6,1769975647652,1
186375828,12.566,38.5,1769975647652,1
186375829,12.565,27.8,1769975647652,1
186375830,12.569,1.6,1769975647691,0
186375831,12.57,0.9,1769975647691,0
186375832,12.571,0.9,1769975647692,0
186375833,12.571,13.5,1769975647707,1
186375834,12.57,11.0,1769975647707,1
186375835,12.569,7.2,1769975647707,1
186375836,12.568,3.9,1769975647707,1
186375837,12.573,7.2,1769975647725,0
186375838,12.571,16.0,1769975647812,1
186375839,12.57,4.9,1769975647812,1
186375840,12.569,5.0,1769975647812,1
186375841,12.568,2.9,1769975647812,1
186375842,12.567,2.5,1769975647814,1
186375843,12.566,0.9,1769975647814,1
186375844,12.565,0.9,1769975647816,1
186375845,12.564,3.2,1769975647816,1
186375846,12.566,0.9,1769975647821,0
186375847,12.564,11.0,1769975647825,1
186375848,12.563,3.9,1769975647825,1
186375849,12.562,1.5,1769975647825,1
186375850,12.561,8.3,1769975647825,1
186375851,12.56,25.6,1769975647825,1
186375852,12.565,0.9,1769975647851,0
186375853,12.561,2.3,1769975647887,1
186375854,12.566,5.7,1769975647938,0
186375855,12.564,0.9,1769975647944,1
186375856,12.567,0.9,1769975647963,0
186375857,12.568,0.9,1769975647963,0
186375858,12.569,0.9,1769975647963,0
186375859,12.569,3.7,1769975647967,1
186375860,12.567,6.7,1769975647967,1
186375861,12.566,1.6,1769975647967,1
186375862,12.564,5.9,1769975647967,1
186375863,12.563,5.7,1769975647967,1
186375864,12.565,0.9,1769975647984,1
186375865,12.569,1.6,1769975647991,0
186375866,12.57,0.9,1769975647991,0
186375867,12.571,5.6,1769975647991,0
186375868,12.572,0.9,1769975647994,0
186375869,12.573,0.9,1769975647997,0
186375870,12.573,7.3,1769975648006,1
186375871,12.574,2.7,1769975648077,0
186375872,12.575,0.9,1769975648077,0
186375873,12.576,1.3,1769975648077,0
186375874,12.576,3.7,1769975648120,1
186375875,12.575,0.9,1769975648120,1
186375876,12.574,4.8,1769975648120,1
186375877,12.572,7.4,1769975648120,1
186375878,12.573,12.2,1769975648189,1
186375879,12.572,3.7,1769975648268,1
186375880,12.571,21.8,1769975648268,1
186375881,12.57,6.7,1769975648268,1
186375882,12.569,19.1,1769975648268,1
186375883,12.568,11.6,1769975648268,1
186375884,12.567,5.5,1769975648268,1
186375885,12.573,31.8,1769975648297,0
186375886,12.574,2.9,1769975648298,0
186375887,12.575,4.3,1769975648386,0
186375888,12.576,0.9,1769975648386,0
186375889,12.577,16.8,1769975648386,0
186375890,12.578,8.4,1769975648386,0
186375891,12.579,1.3,1769975648386,0
186375892,12.58,3.0,1769975648391,0
186375893,12.579,3.7,1769975648464,1
186375894,12.577,0.9,1769975648533,1
186375895,12.576,0.9,1769975648533,1
186375896,12.575,22.1,1769975648533,1
186375897,12.574,0.9,1769975648533,1
186375898,12.573,5.8,1769975648533,1
186375899,12.572,8.7,1769975648533,1
186375900,12.571,6.8,1769975648533,1
186375901,12.57,11.7,1769975648533,1
186375902,12.569,41.7,1769975648533,1
186375903,12.568,22.8,1769975648533,1
186375904,12.567,9.6,1769975648533,1
186375905,12.566,45.0,1769975648534,1
186375906,12.565,32.3,1769975648534,1
186375907,12.564,50.8,1769975648534,1
186375908,12.563,7.6,1769975648534,1
186375909,12.562,3.6,1769975648534,1
186375910,12.571,1.6,1769975648535,1
186375911,12.565,5.7,1769975648535,1
186375912,12.562,19.2,1769975648535,1
186375913,12.561,3.7,1769975648536,1
186375914,12.568,7.2,1769975648568,0
186375915,12.569,8.5,1769975648573,0
186375916,12.569,3.7,1769975648578,1
186375917,12.567,2.5,1769975648580,1
186375918,12.566,0.8,1769975648583,1
186375919,12.567,3.0,1769975648590,0
186375920,12.568,7.2,1769975648590,0
186375921,12.569,1.6,1769975648590,0
186375922,12.57,8.1,1769975648590,0
186375923,12.571,7.7,1769975648590,0
186375924,12.572,5.0,1769975648590,0
186375925,12.573,5.6,1769975648590,0
186375926,12.574,19.2,1769975648590,0
186375927,12.573,3.7,1769975648602,1
186375928,12.567,3.0,1769975648618,1
186375929,12.568,7.2,1769975648698,1
186375930,12.567,3.9,1769975648704,1
186375931,12.566,0.9,1769975648704,1
186375932,12.565,5.8,1769975648704,1
186375933,12.564,16.8,1769975648704,1
186375934,12.563,6.1,1769975648704,1
186375935,12.566,1.7,1769975648788,0
186375936,12.568,0.9,1769975648790,0
186375937,12.569,2.5,1769975648792,0
186375938,12.57,0.9,1769975648792,0
186375939,12.57,4.7,1769975648823,1
186375940,12.57,19.0,1769975648957,1
186375941,12.569,6.4,1769975648957,1
186375942,12.571,0.9,1769975648989,0
186375943,12.573,1.3,1769975649025,0
186375944,12.574,2.4,1769975649025,0
186375945,12.575,3.4,1769975649025,0
186375946,12.576,0.9,1769975649025,0
186375947,12.577,0.9,1769975649025,0
186375948,12.578,19.1,1769975649025,0
186375949,12.579,6.5,1769975649025,0
186375950,12.58,2.9,1769975649025,0
186375951,12.581,85.7,1769975649025,0
186375952,12.582,44.6,1769975649025,0
186375953,12.572,3.7,1769975649025,1
186375954,12.576,0.5,1769975649027,0
186375955,12.575,3.7,1769975649042,1
186375956,12.573,9.2,1769975649042,1
186375957,12.572,1.9,1769975649042,1
186375958,12.571,19.0,1769975649045,1
186375959,12.57,8.1,1769975649071,1
186375960,12.569,216.2,1769975649071,1
186375961,12.568,0.9,1769975649073,1
186375962,12.567,0.9,1769975649074,1
186375963,12.566,2.5,1769975649074,1
186375964,12.565,6.2,1769975649074,1
186375965,12.564,1.3,1769975649155,1
186375966,12.563,0.9,1769975649155,1
186375967,12.562,1.3,1769975649155,1
186375968,12.561,2.8,1769975649155,1
186375969,12.56,5.3,1769975649155,1
186375970,12.559,55.6,1769975649155,1
186375971,12.564,0.5,1769975649157,1
186375972,12.56,14.0,1769975649238,1
186375973,12.559,3.1,1769975649238,1
186375974,12.563,16.5,1769975649246,0
186375975,12.562,24.6,1769975649343,1
186375976,12.561,8.1,1769975649343,1
186375977,12.56,8.1,1769975649343,1
186375978,12.564,0.4,1769975649362,0
186375979,12.563,1.9,1769975649479,0
186375980,12.564,23.6,1769975649479,0
186375981,12.565,2.5,1769975649479,0
186375982,12.566,0.9,1769975649479,0
186375983,12.567,8.0,1769975649479,0
186375984,12.568,14.1,1769975649479,0
186375985,12.569,5.8,1769975649479,0
186375986,12.57,15.4,1769975649479,0
186375987,12.571,10.8,1769975649479,0
186375988,12.569,3.7,1769975649485,1
186375989,12.567,1.6,1769975649488,1
186375990,12.565,8.6,1769975649524,0
186375991,12.566,18.2,1769975649524,0
186375992,12.567,9.1,1769975649524,0
186375993,12.568,0.9,1769975649524,0
186375994,12.569,11.1,1769975649524,0
186375995,12.57,39.4,1769975649524,0
186375996,12.571,10.0,1769975649524,0
186375997,12.563,21.1,1769975649566,1
186375998,12.562,1.0,1769975649583,1
186375999,12.563,7.2,1769975649616,0
186376000,12.561,1.5,1769975649724,1
186376001,12.56,13.1,1769975649724,1
186376002,12.563,11.0,1769975649784,0
186376003,12.564,5.5,1769975649784,0
186376004,12.565,7.4,1769975649784,0
186376005,12.561,16.0,1769975649920,1
186376006,12.56,0.9,1769975649921,1
186376007,12.559,46.0,1769975649921,1
186376008,12.558,1.5,1769975649921,1
186376009,12.557,1.7,1769975649922,1
186376010,12.558,0.9,1769975650032,0
186376011,12.559,0.9,1769975650033,0
186376012,12.562,21.6,1769975650056,0
186376013,12.563,1.6,1769975650062,0
186376014,12.563,5.6,1769975650065,1
186376015,12.562,14.4,1769975650065,1
186376016,12.561,17.2,1769975650065,1
186376017,12.56,8.1,1769975650065,1
186376018,12.559,44.0,1769975650065,1
186376019,12.558,13.8,1769975650065,1
186376020,12.557,9.2,1769975650065,1
186376021,12.556,9.3,1769975650065,1
186376022,12.555,8.6,1769975650065,1
186376023,12.554,42.4,1769975650065,1
186376024,12.553,11.0,1769975650065,1
186376025,12.552,27.3,1769975650065,1
186376026,12.551,47.7,1769975650065,1
186376027,12.55,8.8,1769975650065,1
186376028,12.549,34.3,1769975650065,1
186376029,12.556,2.0,1769975650067,1
186376030,12.55,0.5,1769975650067,1
186376031,12.553,1.6,1769975650080,0
186376032,12.556,46.9,1769975650084,0
186376033,12.559,8.3,1769975650106,1
186376034,12.558,7.2,1769975650106,1
186376035,12.557,2.4,1769975650106,1
186376036,12.562,0.9,1769975650205,0
186376037,12.563,0.9,1769975650205,0
186376038,12.564,2.9,1769975650206,0
186376039,12.565,2.2,1769975650207,0
186376040,12.566,1.3,1769975650207,0
186376041,12.567,0.9,1769975650210,0
186376042,12.568,0.9,1769975650212,0
186376043,12.569,1.3,1769975650214,0
186376044,12.57,40.6,1769975650224,0
186376045,12.571,1.3,1769975650228,0
186376046,12.572,1.4,1769975650238,0
186376047,12.573,2.7,1769975650238,0
186376048,12.574,0.9,1769975650247,0
186376049,12.575,0.9,1769975650248,0
186376050,12.576,3.9,1769975650249,0
186376051,12.577,5.8,1769975650249,0
186376052,12.578,8.8,1769975650249,0
186376053,12.579,0.9,1769975650249,0
186376054,12.579,11.3,1769975650279,1
186376055,12.577,21.7,1769975650366,1
186376056,12.576,0.9,1769975650366,1
186376057,12.576,12.9,1769975650369,0
186376058,12.577,2.7,1769975650369,0
186376059,12.575,0.9,1769975650371,1
186376060,12.577,3.7,1769975650377,1
186376061,12.574,0.9,1769975650377,1
186376062,12.573,0.9,1769975650377,1
186376063,12.572,0.9,1769975650377,1
186376064,12.57,0.9,1769975650377,1
186376065,12.57,24.4,1769975650379,0
186376066,12.569,0.9,1769975650483,1
186376067,12.567,0.9,1769975650483,1
186376068,12.566,3.1,1769975650483,1
186376069,12.565,9.0,1769975650483,1
186376070,12.567,4.8,1769975650624,0
186376071,12.568,0.9,1769975650626,0
186376072,12.569,0.9,1769975650695,0
186376073,12.57,43.2,1769975650695,0
186376074,12.567,0.9,1769975650739,1
186376075,12.566,4.7,1769975650739,1
186376076,12.569,3.0,1769975650765,0
186376077,12.57,7.2,1769975650765,0
186376078,12.569,7.2,1769975650783,1
186376079,12.567,4.4,1769975650783,1
186376080,12.566,11.8,1769975650783,1
186376081,12.565,1.0,1769975650783,1
186376082,12.569,1.6,1769975650914,0
186376083,12.57,0.9,1769975650914,0
186376084,12.571,0.9,1769975650914,0
186376085,12.572,0.9,1769975650914,0
186376086,12.573,8.0,1769975650914,0
186376087,12.567,0.5,1769975650917,1
186376088,12.568,31.9,1769975650944,0
186376089,12.568,13.7,1769975651034,1
186376090,12.567,2.5,1769975651034,1
186376091,12.567,2.0,1769975651046,0
186376092,12.566,10.9,1769975651066,1
186376093,12.565,7.1,1769975651066,1
186376094,12.564,0.9,1769975651066,1
186376095,12.563,19.1,1769975651066,1
186376096,12.562,0.9,1769975651066,1
186376097,12.561,8.7,1769975651066,1
186376098,12.56,5.0,1769975651066,1
186376099,12.559,22.6,1769975651066,1
186376100,12.558,13.5,1769975651066,1
186376101,12.557,26.7,1769975651066,1
186376102,12.556,8.6,1769975651066,1
186376103,12.555,11.1,1769975651066,1
186376104,12.554,33.0,1769975651066,1
186376105,12.553,38.8,1769975651066,1
186376106,12.552,13.5,1769975651066,1
186376107,12.551,15.5,1769975651066,1
186376108,12.55,8.1,1769975651066,1
186376109,12.549,30.7,1769975651066,1
186376110,12.548,20.4,1769975651066,1
186376111,12.557,1.6,1769975651068,1
186376112,12.55,0.5,1769975651068,1
186376113,12.557,2.0,1769975651073,0
186376114,12.558,2.5,1769975651085,0
186376115,12.559,0.9,1769975651087,0
186376116,12.56,12.2,1769975651089,0
186376117,12.561,7.2,1769975651100,1
186376118,12.56,25.4,1769975651100,1
186376119,12.559,15.3,1769975651100,1
186376120,12.558,14.4,1769975651100,1
186376121,12.557,7.2,1769975651100,1
186376122,12.555,1.6,1769975651100,1
186376123,12.554,11.2,1769975651100,1
186376124,12.553,39.7,1769975651100,1
186376125,12.552,28.4,1769975651100,1
186376126,12.562,5.9,1769975651121,0
186376127,12.563,1.9,1769975651121,0
186376128,12.564,0.6,1769975651121,0
186376129,12.557,13.6,1769975651123,1
186376130,12.556,2.5,1769975651123,1
186376131,12.555,1.4,1769975651123,1
186376132,12.554,1.3,1769975651123,1
186376133,12.558,4.8,1769975651138,0
186376134,12.561,0.9,1769975651158,0
186376135,12.562,0.9,1769975651158,0
186376136,12.563,7.2,1769975651158,0
186376137,12.564,0.9,1769975651169,0
186376138,12.565,0.9,1769975651169,0
186376139,12.561,0.9,1769975651225,1
186376140,12.56,0.9,1769975651225,1
186376141,12.559,0.9,1769975651225,1
186376142,12.558,0.9,1769975651228,1
186376143,12.557,14.4,1769975651235,0
186376144,12.558,4.6,1769975651238,0
186376145,12.557,3.7,1769975651238,1
186376146,12.558,2.5,1769975651255,0
186376147,12.559,0.9,1769975651307,0
186376148,12.56,8.1,1769975651307,0
186376149,12.561,15.0,1769975651307,0
186376150,12.562,19.0,1769975651307,0
186376151,12.563,0.7,1769975651307,0
186376152,12.56,2.0,1769975651315,1
186376153,12.558,5.5,1769975651315,1
186376154,12.557,4.6,1769975651316,1
186376155,12.556,17.3,1769975651316,1
186376156,12.555,12.5,1769975651316,1
186376157,12.554,17.0,1769975651316,1
186376158,12.553,22.3,1769975651316,1
186376159,12.552,0.9,1769975651316,1
186376160,12.551,19.2,1769975651316,1
186376161,12.55,1.3,1769975651316,1
186376162,12.549,8.8,1769975651316,1
186376163,12.548,5.2,1769975651316,1
186376164,12.547,17.6,1769975651318,1
186376165,12.546,1.7,1769975651318,1
186376166,12.545,2.2,1769975651319,1
186376167,12.544,3.0,1769975651319,1
186376168,12.545,1.6,1769975651333,1
186376169,12.543,3.3,1769975651335,1
186376170,12.543,6.3,1769975651337,0
186376171,12.545,12.8,1769975651353,0
186376172,12.543,27.1,1769975651457,1
186376173,12.542,3.9,1769975651466,1
186376174,12.541,18.7,1769975651466,1
186376175,12.54,10.1,1769975651466,1
186376176,12.539,31.3,1769975651466,1
186376177,12.538,3.7,1769975651466,1
186376178,12.537,4.6,1769975651466,1
186376179,12.536,15.5,1769975651466,1
186376180,12.535,0.5,1769975651468,1
186376181,12.54,3.2,1769975651566,1
186376182,12.543,3.9,1769975651591,0
186376183,12.538,0.9,1769975651818,1
186376184,12.537,0.9,1769975651820,1
186376185,12.535,0.4,1769975651825,1
186376186,12.534,1.4,1769975651865,1
186376187,12.533,0.9,1769975651865,1
186376188,12.532,1.4,1769975651865,1
186376189,12.531,11.4,1769975651866,1
186376190,12.53,2.5,1769975651866,1
186376191,12.529,1.7,1769975651866,1
186376192,12.528,1.3,1769975651870,1
186376193,12.527,2.1,1769975651870,1
186376194,12.526,0.9,1769975651870,1
186376195,12.525,3.1,1769975651870,1
186376196,12.524,13.2,1769975651870,1
186376197,12.523,6.3,1769975651870,1
186376198,12.522,1.9,1769975651870,1
186376199,12.528,0.5,1769975651871,1
186376200,12.522,11.0,1769975651878,1
186376201,12.521,5.5,1769975651878,1
186376202,12.52,1.4,1769975651878,1
186376203,12.519,11.3,1769975651878,1
186376204,12.518,6.5,1769975651878,1
186376205,12.517,6.8,1769975651878,1
186376206,12.516,6.7,1769975651878,1
186376207,12.515,6.1,1769975651878,1
186376208,12.524,3.6,1769975651912,0
186376209,12.525,5.8,1769975651912,0
186376210,12.526,5.9,1769975651912,0
186376211,12.527,3.1,1769975651912,0
186376212,12.523,1.6,1769975651919,0
186376213,12.523,6.2,1769975651922,1
186376214,12.522,21.8,1769975651922,1
186376215,12.521,5.1,1769975651922,1
186376216,12.524,0.9,1769975651924,0
186376217,12.521,9.5,1769975651925,1
186376218,12.52,2.3,1769975651926,1
186376219,12.519,0.9,1769975651926,1
186376220,12.518,0.9,1769975651926,1
186376221,12.516,36.0,1769975651926,1
186376222,12.515,0.2,1769975651927,1
186376223,12.514,0.9,1769975651927,1
186376224,12.513,2.8,1769975651947,1
186376225,12.514,4.9,1769975651948,0
186376226,12.518,5.6,1769975651983,0
186376227,12.519,6.5,1769975651983,0
186376228,12.52,0.9,1769975651991,0
186376229,12.52,3.7,1769975652007,1
186376230,12.52,0.9,1769975652021,0
186376231,12.519,0.9,1769975652023,1
186376232,12.52,3.9,1769975652024,0
186376233,12.521,8.1,1769975652033,0
186376234,12.522,8.1,1769975652033,0
186376235,12.523,6.3,1769975652033,0
186376236,12.524,13.3,1769975652033,0
186376237,12.525,0.9,1769975652037,0
186376238,12.526,5.7,1769975652040,0
186376239,12.527,1.7,1769975652040,0
186376240,12.528,0.9,1769975652040,0
186376241,12.529,6.5,1769975652040,0
186376242,12.53,0.9,1769975652051,0
186376243,12.531,0.9,1769975652083,0
186376244,12.532,6.7,1769975652083,0
186376245,12.533,1.7,1769975652083,0
186376246,12.534,0.9,1769975652088,0
186376247,12.535,8.6,1769975652088,0
186376248,12.536,0.9,1769975652088,0
186376249,12.536,0.9,1769975652095,1
186376250,12.537,1.7,1769975652100,0
186376251,12.538,0.9,1769975652100,0
186376252,12.539,1.7,1769975652104,0
186376253,12.54,0.9,1769975652110,0
186376254,12.541,1.7,1769975652115,0
186376255,12.542,1.7,1769975652115,0
186376256,12.543,1.7,1769975652115,0
186376257,12.544,1.7,1769975652120,0
186376258,12.545,1.5,1769975652122,0
186376259,12.544,107.3,1769975652128,1
186376260,12.541,0.9,1769975652136,1
186376261,12.54,0.9,1769975652136,1
186376262,12.538,0.9,1769975652158,1
186376263,12.537,0.9,1769975652158,1
186376264,12.536,0.7,1769975652158,1
186376265,12.538,0.9,1769975652167,1
186376266,12.541,5.7,1769975652186,0
186376267,12.542,3.3,1769975652215,0
186376268,12.541,3.7,1769975652231,1
186376269,12.54,4.6,1769975652234,1
186376270,12.537,5.8,1769975652252,1
186376271,12.536,0.2,1769975652261,1
186376272,12.535,22.0,1769975652261,1
186376273,12.534,11.9,1769975652264,1
186376274,12.533,0.9,1769975652264,1
186376275,12.532,2.5,1769975652264,1
186376276,12.531,0.3,1769975652264,1
186376277,12.532,1.6,1769975652321,1
186376278,12.531,0.9,1769975652321,1
186376279,12.53,1.8,1769975652321,1
186376280,12.529,8.9,1769975652321,1
186376281,12.528,1.3,1769975652321,1
186376282,12.527,19.2,1769975652321,1
186376283,12.526,6.5,1769975652321,1
186376284,12.53,7.2,1769975652344,0
186376285,12.528,2.0,1769975652468,1
186376286,12.527,12.8,1769975652468,1
186376287,12.528,3.9,1769975652511,1
186376288,12.532,0.9,1769975652553,0
186376289,12.533,5.9,1769975652553,0
186376290,12.533,3.7,1769975652555,1
186376291,12.532,3.7,1769975652555,1
186376292,12.529,2.0,1769975652555,1
186376293,12.528,6.2,1769975652555,1
186376294,12.527,3.3,1769975652555,1
186376295,12.526,16.9,1769975652555,1
186376296,12.525,5.2,1769975652555,1
186376297,12.526,7.2,1769975652572,1
186376298,12.525,0.7,1769975652572,1
186376299,12.532,5.6,1769975652609,0
186376300,12.529,0.5,1769975652666,0
186376301,12.531,0.9,1769975652666,0
186376302,12.532,5.8,1769975652666,0
186376303,12.531,3.7,1769975652680,1
186376304,12.525,8.8,1769975652718,1
186376305,12.525,16.0,1769975652862,1
186376306,12.524,3.9,1769975652864,1
186376307,12.524,7.7,1769975652867,0
186376308,12.525,0.9,1769975652953,0
186376309,12.526,0.9,1769975652953,0
186376310,12.527,8.1,1769975652953,0
186376311,12.527,3.7,1769975653030,1
186376312,12.525,0.9,1769975653030,1
186376313,12.524,0.9,1769975653032,1
186376314,12.523,0.9,1769975653032,1
186376315,12.522,0.9,1769975653033,1
186376316,12.521,2.5,1769975653035,1
186376317,12.52,9.1,1769975653199,1
186376318,12.519,3.9,1769975653201,1
186376319,12.518,0.9,1769975653201,1
186376320,12.517,0.6,1769975653249,1
186376321,12.518,25.9,1769975653359,0
186376322,12.519,0.9,1769975653360,0
186376323,12.52,0.9,1769975653361,0
186376324,12.521,0.9,1769975653363,0
186376325,12.522,5.9,1769975653363,0
186376326,12.523,2.5,1769975653391,0
186376327,12.524,4.8,1769975653391,0
186376328,12.522,16.6,1769975653395,1
186376329,12.521,13.7,1769975653395,1
186376330,12.52,3.6,1769975653395,1
186376331,12.523,7.2,1769975653399,0
186376332,12.524,2.4,1769975653399,0
186376333,12.522,5.6,1769975653399,1
186376334,12.522,7.2,1769975653403,0
186376335,12.524,9.8,1769975653403,0
186376336,12.522,8.0,1769975653443,1
186376337,12.521,7.2,1769975653443,1
186376338,12.52,9.4,1769975653443,1
186376339,12.519,9.0,1769975653443,1
186376340,12.518,10.0,1769975653443,1
186376341,12.517,14.7,1769975653443,1
186376342,12.516,10.9,1769975653443,1
186376343,12.515,4.9,1769975653443,1
186376344,12.52,3.0,1769975653515,1
186376345,12.519,0.9,1769975653515,1
186376346,12.518,0.9,1769975653515,1
186376347,12.517,0.9,1769975653515,1
186376348,12.516,0.9,1769975653515,1
186376349,12.515,8.1,1769975653515,1
186376350,12.514,13.7,1769975653515,1
186376351,12.513,16.7,1769975653515,1
186376352,12.512,10.8,1769975653515,1
186376353,12.511,27.0,1769975653515,1
186376354,12.519,0.5,1769975653517,1
186376355,12.514,3.3,1769975653542,1
186376356,12.52,1.0,1769975653561,0
186376357,12.522,0.9,1769975653563,0
186376358,12.523,0.9,1769975653565,0
186376359,12.523,5.9,1769975653594,1
186376360,12.524,2.8,1769975653634,0
186376361,12.522,0.9,1769975653664,1
186376362,12.521,11.1,1769975653664,1
186376363,12.52,0.9,1769975653664,1
186376364,12.519,2.5,1769975653664,1
186376365,12.518,0.9,1769975653664,1
186376366,12.517,1.3,1769975653664,1
186376367,12.516,4.8,1769975653664,1
186376368,12.514,18.2,1769975653664,1
186376369,12.513,13.4,1769975653664,1
186376370,12.512,12.3,1769975653664,1
186376371,12.511,0.9,1769975653664,1
186376372,12.51,39.4,1769975653664,1
186376373,12.509,130.3,1769975653664,1
186376374,12.508,18.7,1769975653664,1
186376375,12.507,6.1,1769975653664,1
186376376,12.516,0.9,1769975653668,1
186376377,12.514,4.1,1769975653681,0
186376378,12.513,2.1,1769975653692,1
186376379,12.514,1.0,1769975653693,0
186376380,12.515,0.9,1769975653697,0
186376381,12.516,0.9,1769975653704,0
186376382,12.516,3.9,1769975653708,1
186376383,12.52,9.8,1769975653718,0
186376384,12.521,2.7,1769975653718,0
186376385,12.522,9.3,1769975653718,0
186376386,12.523,12.5,1769975653718,0
186376387,12.516,5.8,1769975653769,1
186376388,12.515,0.9,1769975653780,1
186376389,12.514,0.9,1769975653780,1
186376390,12.513,3.4,1769975653780,1
186376391,12.512,4.7,1769975653780,1
186376392,12.511,1.3,1769975653780,1
186376393,12.51,1.0,1769975653780,1
186376394,12.519,2.6,1769975653819,0
186376395,12.52,0.9,1769975653841,0
186376396,12.521,0.9,1769975653841,0
186376397,12.522,19.7,1769975653841,0
186376398,12.523,6.6,1769975653841,0
186376399,12.524,12.7,1769975653841,0
186376400,12.525,17.9,1769975653841,0
186376401,12.526,8.9,1769975653841,0
186376402,12.527,37.6,1769975653841,0
186376403,12.528,47.9,1769975653841,0
186376404,12.529,6.2,1769975653841,0
186376405,12.53,12.8,1769975653841,0
186376406,12.531,48.3,1769975653841,0
186376407,12.532,16.0,1769975653841,0
186376408,12.533,11.2,1769975653841,0
186376409,12.534,0.9,1769975653841,0
186376410,12.535,49.4,1769975653841,0
186376411,12.521,1.6,1769975653843,0
186376412,12.531,3.9,1769975653893,0
186376413,12.527,3.1,1769975653906,1
186376414,12.528,1.5,1769975653913,1
186376415,12.532,5.6,1769975653914,0
186376416,12.528,1.5,1769975653916,1
186376417,12.533,0.5,1769975653916,0
186376418,12.531,4.2,1769975653921,0
186376419,12.532,2.5,1769975653932,0
186376420,12.533,3.1,1769975653932,0
186376421,12.534,0.9,1769975653932,0
186376422,12.535,3.0,1769975653932,0
186376423,12.536,7.8,1769975653949,0
186376424,12.537,5.7,1769975653949,0
186376425,12.538,3.9,1769975653949,0
186376426,12.539,8.2,1769975653949,0
186376427,12.54,31.3,1769975653949,0
186376428,12.535,1.6,1769975653964,0
186376429,12.538,7.2,1769975653983,1
186376430,12.537,0.9,1769975653983,1
186376431,12.536,0.9,1769975654002,1
186376432,12.535,1.6,1769975654002,1
186376433,12.534,0.9,1769975654002,1
186376434,12.533,0.9,1769975654002,1
186376435,12.532,0.9,1769975654002,1
186376436,12.531,5.7,1769975654002,1
186376437,12.529,7.2,1769975654002,1
186376438,12.528,5.0,1769975654002,1
186376439,12.535,0.9,1769975654004,1
186376440,12.53,0.9,1769975654004,1
186376441,12.528,0.6,1769975654004,1
186376442,12.528,4.8,1769975654006,0
186376443,12.532,0.9,1769975654100,0
186376444,12.533,2.5,1769975654100,0
186376445,12.534,0.3,1769975654100,0
186376446,12.529,18.2,1769975654122,0
186376447,12.527,2.1,1769975654192,1
186376448,12.531,2.1,1769975654232,0
186376449,12.527,34.3,1769975654236,1
186376450,12.526,4.7,1769975654257,1
186376451,12.525,22.3,1769975654257,1
186376452,12.524,8.2,1769975654257,1
186376453,12.523,35.7,1769975654257,1
186376454,12.522,34.4,1769975654257,1
186376455,12.521,97.7,1769975654257,1
186376456,12.52,1.8,1769975654257,1
186376457,12.519,11.6,1769975654257,1
186376458,12.518,8.3,1769975654257,1
186376459,12.517,12.9,1769975654257,1
186376460,12.516,39.9,1769975654257,1
186376461,12.515,8.5,1769975654257,1
186376462,12.524,0.5,1769975654259,1
186376463,12.522,4.6,1769975654297,1
186376464,12.519,3.8,1769975654297,1
186376465,12.522,7.2,1769975654409,0
186376466,12.519,8.0,1769975654411,1
186376467,12.518,0.9,1769975654423,1
186376468,12.517,2.1,1769975654423,1
186376469,12.519,8.0,1769975654448,1
186376470,12.518,0.9,1769975654448,1
186376471,12.517,1.4,1769975654448,1
186376472,12.516,1.4,1769975654448,1
186376473,12.515,0.4,1769975654450,1
186376474,12.52,0.9,1769975654513,0
186376475,12.521,4.5,1769975654513,0
186376476,12.516,1.1,1769975654604,1
186376477,12.519,1.5,1769975654612,0
186376478,12.52,0.9,1769975654612,0
186376479,12.516,7.0,1769975654630,1
186376480,12.515,12.9,1769975654630,1
186376481,12.518,7.2,1769975654634,0
186376482,12.519,1.6,1769975654667,0
186376483,12.52,2.8,1769975654667,0
186376484,12.521,2.7,1769975654667,0
186376485,12.518,1.6,1769975654672,0
186376486,12.522,6.3,1769975654672,0
186376487,12.523,16.8,1769975654672,0
186376488,12.524,1.2,1769975654672,0
186376489,12.519,1.6,1769975654674,0
186376490,12.525,0.9,1769975654678,0
186376491,12.526,1.3,1769975654814,0
186376492,12.527,6.3,1769975654814,0
186376493,12.528,2.0,1769975654814,0
186376494,12.529,0.9,1769975654896,0
186376495,12.53,16.6,1769975654896,0
186376496,12.531,0.4,1769975654901,0
186376497,12.532,1.3,1769975654901,0
186376498,12.533,1.3,1769975654901,0
186376499,12.534,1.2,1769975654901,0
186376500,12.529,3.7,1769975654932,1
186376501,12.527,0.9,1769975654940,1
186376502,12.525,0.9,1769975654959,1
186376503,12.524,0.9,1769975654959,1
186376504,12.523,8.1,1769975654959,1
186376505,12.522,0.9,1769975654959,1
186376506,12.521,2.5,1769975654959,1
186376507,12.52,8.5,1769975654959,1
186376508,12.519,3.9,1769975654959,1
186376509,12.52,3.5,1769975655047,0
186376510,12.522,0.9,1769975655265,0
186376511,12.522,3.7,1769975655279,1
186376512,12.52,11.0,1769975655282,1
186376513,12.523,0.9,1769975655353,0
186376514,12.524,0.9,1769975655353,0
186376515,12.525,0.9,1769975655461,0
186376516,12.526,5.3,1769975655461,0
186376517,12.526,3.7,1769975655464,1
186376518,12.525,3.7,1769975655464,1
186376519,12.524,8.0,1769975655464,1
186376520,12.522,8.1,1769975655464,1
186376521,12.521,2.5,1769975655464,1
186376522,12.52,0.9,1769975655464,1
186376523,12.519,1.1,1769975655464,1
186376524,12.521,1.6,1769975655473,1
186376525,12.519,0.4,1769975655473,1
186376526,12.518,0.9,1769975655681,1
186376527,12.517,0.9,1769975655681,1
186376528,12.519,7.2,1769975655685,0
186376529,12.52,17.5,1769975655691,0
186376530,12.521,1.1,1769975655813,1
186376531,12.522,0.9,1769975655882,0
186376532,12.523,0.9,1769975655882,0
186376533,12.523,3.7,1769975655884,1
186376534,12.522,7.2,1769975655884,1
186376535,12.521,16.0,1769975655884,1
186376536,12.519,3.8,1769975655884,1
186376537,12.518,8.1,1769975655884,1
186376538,12.522,4.6,1769975655933,1
186376539,12.521,0.9,1769975655933,1
186376540,12.52,0.9,1769975655933,1
186376541,12.519,3.5,1769975655933,1
186376542,12.518,6.0,1769975655933,1
186376543,12.517,12.8,1769975655933,1
186376544,12.52,3.5,1769975656039,0
186376545,12.521,1.9,1769975656039,0
186376546,12.522,8.1,1769975656039,0
186376547,12.523,29.1,1769975656039,0
186376548,12.524,1.4,1769975656039,0
186376549,12.525,7.6,1769975656039,0
186376550,12.526,8.5,1769975656039,0
186376551,12.527,10.2,1769975656039,0
186376552,12.528,16.6,1769975656039,0
186376553,12.519,1.6,1769975656040,0
186376554,12.522,1.6,1769975656046,1
186376555,12.52,21.4,1769975656076,1
186376556,12.521,18.7,1769975656083,0
186376557,12.522,6.7,1769975656083,0
186376558,12.521,3.4,1769975656151,0
186376559,12.522,0.9,1769975656151,0
186376560,12.523,8.8,1769975656151,0
186376561,12.524,20.5,1769975656151,0
186376562,12.525,0.9,1769975656153,0
186376563,12.526,0.9,1769975656159,0
186376564,12.527,5.3,1769975656159,0
186376565,12.526,11.9,1769975656312,1
186376566,12.526,28.3,1769975656577,1
186376567,12.525,0.9,1769975656577,1
186376568,12.524,8.1,1769975656577,1
186376569,12.523,1.4,1769975656579,1
186376570,12.522,13.8,1769975656579,1
186376571,12.523,6.3,1769975656581,0
186376572,12.524,1.6,1769975656613,0
186376573,12.521,2.5,1769975656699,1
186376574,12.52,0.9,1769975656699,1
186376575,12.519,1.0,1769975656848,1
186376576,12.52,1.6,1769975656910,0
186376577,12.522,0.9,1769975656910,0
186376578,12.523,21.7,1769975656910,0
186376579,12.524,0.9,1769975656911,0
186376580,12.525,1.4,1769975656911,0
186376581,12.526,0.9,1769975656912,0
186376582,12.526,7.2,1769975656933,1
186376583,12.525,7.2,1769975656933,1
186376584,12.522,1.6,1769975656933,1
186376585,12.521,0.4,1769975656933,1
186376586,12.522,7.2,1769975656939,1
186376587,12.521,10.3,1769975656939,1
186376588,12.52,7.8,1769975656939,1
186376589,12.519,285.8,1769975656939,1
186376590,12.518,0.9,1769975656942,1
186376591,12.517,1.3,1769975656942,1
186376592,12.516,32.2,1769975656942,1
186376593,12.515,1.3,1769975656944,1
186376594,12.514,6.6,1769975656944,1
186376595,12.513,2.8,1769975656944,1
186376596,12.512,1.4,1769975656946,1
186376597,12.511,0.9,1769975656952,1
186376598,12.511,6.3,1769975656959,0
186376599,12.512,13.5,1769975656963,0
186376600,12.514,0.9,1769975656964,0
186376601,12.515,7.2,1769975656977,0
186376602,12.516,8.1,1769975656978,0
186376603,12.517,0.9,1769975656981,0
186376604,12.518,0.9,1769975656981,0
186376605,12.519,0.4,1769975656985,0
186376606,12.514,7.2,1769975657037,0
186376607,12.515,6.4,1769975657037,0
186376608,12.516,0.9,1769975657053,0
186376609,12.517,2.8,1769975657053,0
186376610,12.518,1.5,1769975657053,0
186376611,12.517,4.2,1769975657395,0
186376612,12.518,7.8,1769975657395,0
186376613,12.519,0.5,1769975657448,0
186376614,12.52,2.5,1769975657448,0
186376615,12.519,4.2,1769975657449,0
186376616,12.521,0.9,1769975657449,0
186376617,12.522,7.3,1769975657449,0
186376618,12.522,3.7,1769975657606,1
186376619,12.521,0.9,1769975657608,1
186376620,12.52,0.9,1769975657609,1
186376621,12.519,1.4,1769975657609,1
186376622,12.518,54.6,1769975657609,1
186376623,12.517,0.9,1769975657610,1
186376624,12.516,8.9,1769975657610,1
186376625,12.515,0.5,1769975657711,1
186376626,12.516,7.2,1769975657721,0
186376627,12.517,3.1,1769975657721,0
186376628,12.516,4.0,1769975657871,1
186376629,12.515,3.3,1769975657871,1
186376630,12.514,0.9,1769975657871,1
186376631,12.513,2.3,1769975657871,1
186376632,12.512,1.4,1769975657871,1
186376633,12.511,15.4,1769975657872,1
186376634,12.51,0.5,1769975657874,1
186376635,12.517,53.2,1769975657940,0
186376636,12.516,15.9,1769975657945,0
186376637,12.518,0.6,1769975657963,0
186376638,12.516,0.5,1769975657977,1
186376639,12.518,1.9,1769975658050,0
186376640,12.518,12.9,1769975658099,1
186376641,12.517,30.4,1769975658099,1
186376642,12.519,0.9,1769975658133,0
186376643,12.52,0.9,1769975658133,0
186376644,12.521,0.9,1769975658133,0
186376645,12.521,1.2,1769975658151,1
186376646,12.521,5.3,1769975658311,0
186376647,12.522,0.9,1769975658313,0
186376648,12.523,3.0,1769975658319,0
186376649,12.524,0.5,1769975658319,0
186376650,12.523,7.2,1769975658341,1
186376651,12.522,2.6,1769975658363,1
186376652,12.521,0.9,1769975658419,1
186376653,12.52,0.9,1769975658421,1
186376654,12.519,0.9,1769975658549,1
186376655,12.517,0.9,1769975658549,1
186376656,12.516,3.7,1769975658549,1
186376657,12.515,2.8,1769975658549,1
186376658,12.514,2.8,1769975658549,1
186376659,12.513,11.9,1769975658549,1
186376660,12.512,1.3,1769975658549,1
186376661,12.511,12.9,1769975658549,1
186376662,12.51,0.8,1769975658549,1
186376663,12.511,1.0,1769975658646,1
186376664,12.51,23.7,1769975658646,1
186376665,12.509,2.5,1769975658743,1
186376666,12.508,0.6,1769975658770,1
186376667,12.509,1.6,1769975658783,0
186376668,12.51,6.6,1769975658783,0
186376669,12.511,0.9,1769975658784,0
186376670,12.512,0.9,1769975658785,0
186376671,12.513,6.3,1769975658785,0
186376672,12.514,38.5,1769975658785,0
186376673,12.514,19.9,1769975658842,1
186376674,12.515,0.9,1769975658893,0
186376675,12.516,0.9,1769975658896,0
186376676,12.516,6.3,1769975658952,1
186376677,12.514,9.5,1769975658952,1
186376678,12.513,8.1,1769975658952,1
186376679,12.517,3.6,1769975658960,0
186376680,12.516,3.7,1769975659066,1
186376681,12.515,7.2,1769975659066,1
186376682,12.514,0.9,1769975659066,1
186376683,12.513,0.9,1769975659066,1
186376684,12.512,0.9,1769975659066,1
186376685,12.511,5.7,1769975659066,1
186376686,12.51,8.1,1769975659066,1
186376687,12.509,11.5,1769975659066,1
186376688,12.508,12.9,1769975659066,1
186376689,12.507,37.1,1769975659066,1
186376690,12.506,5.8,1769975659066,1
186376691,12.505,112.0,1769975659066,1
186376692,12.504,24.2,1769975659066,1
186376693,12.503,16.2,1769975659066,1
186376694,12.502,44.7,1769975659066,1
186376695,12.501,7.7,1769975659066,1
186376696,12.5,24.5,1769975659066,1
186376697,12.516,9.6,1769975659103,1
186376698,12.514,10.3,1769975659103,1
186376699,12.509,3.5,1769975659103,1
186376700,12.508,3.6,1769975659103,1
186376701,12.511,0.9,1769975659117,1
186376702,12.507,8.2,1769975659117,1
186376703,12.504,48.8,1769975659124,1
186376704,12.503,18.8,1769975659124,1
186376705,12.502,2.6,1769975659124,1
186376706,12.505,4.1,1769975659130,1
186376707,12.507,9.5,1769975659145,0
186376708,12.508,7.2,1769975659146,0
186376709,12.509,5.1,1769975659315,0
186376710,12.508,6.1,1769975659399,0
186376711,12.509,4.4,1769975659399,0
186376712,12.51,5.9,1769975659399,0
186376713,12.511,12.7,1769975659399,0
186376714,12.512,16.7,1769975659399,0
186376715,12.513,7.0,1769975659399,0
186376716,12.514,15.5,1769975659399,0
186376717,12.515,10.9,1769975659399,0
186376718,12.509,1.6,1769975659401,0
186376719,12.514,0.6,1769975659445,1
186376720,12.515,3.3,1769975659500,0
186376721,12.514,4.1,1769975659511,1
186376722,12.513,3.8,1769975659529,1
186376723,12.512,0.9,1769975659529,1
186376724,12.511,1.4,1769975659529,1
186376725,12.51,1.4,1769975659529,1
186376726,12.509,0.9,1769975659529,1
186376727,12.508,1.8,1769975659529,1
186376728,12.51,2.4,1769975659685,0
186376729,12.511,12.4,1769975659685,0
186376730,12.512,11.9,1769975659685,0
186376731,12.509,2.8,1769975659729,1
186376732,12.508,2.5,1769975659729,1
186376733,12.507,25.8,1769975659729,1
186376734,12.506,0.9,1769975659761,1
186376735,12.505,0.9,1769975659761,1
186376736,12.504,27.5,1769975659965,1
186376737,12.503,0.9,1769975660017,1
186376738,12.502,0.9,1769975660017,1
186376739,12.501,2.3,1769975660017,1
186376740,12.5,42.4,1769975660017,1
186376741,12.503,9.1,1769975660095,1
186376742,12.503,3.7,1769975660096,0
186376743,12.506,3.1,1769975660096,0
186376744,12.503,4.4,1769975660162,1
186376745,12.502,0.9,1769975660199,1
186376746,12.501,0.9,1769975660199,1
186376747,12.5,399.7,1769975660199,1
186376748,12.499,1.4,1769975660205,1
186376749,12.498,1.4,1769975660206,1
186376750,12.497,2.5,1769975660206,1
186376751,12.496,1.4,1769975660207,1
186376752,12.495,0.5,1769975660209,1
186376753,12.496,13.0,1769975660210,0
186376754,12.497,0.9,1769975660219,0
186376755,12.495,2.5,1769975660245,1
186376756,12.494,0.9,1769975660261,1
186376757,12.493,1.5,1769975660261,1
186376758,12.492,5.0,1769975660261,1
186376759,12.495,0.9,1769975660274,0
186376760,12.493,5.1,1769975660293,1
186376761,12.492,6.3,1769975660293,1
186376762,12.491,0.9,1769975660295,1
186376763,12.49,0.5,1769975660295,1
186376764,12.495,7.2,1769975660322,0
186376765,12.496,6.2,1769975660324,0
186376766,12.497,0.9,1769975660330,0
186376767,12.498,8.4,1769975660331,0
186376768,12.499,0.9,1769975660332,0
186376769,12.5,0.9,1769975660353,0
186376770,12.501,15.3,1769975660353,0
186376771,12.502,6.0,1769975660354,0
186376772,12.503,1.4,1769975660354,0
186376773,12.504,11.3,1769975660354,0
186376774,12.505,6.3,1769975660356,0
186376775,12.506,48.0,1769975660356,0
186376776,12.507,0.9,1769975660382,0
186376777,12.508,5.7,1769975660382,0
186376778,12.509,2.5,1769975660382,0
186376779,12.51,1.3,1769975660382,0
186376780,12.511,0.9,1769975660382,0
186376781,12.512,6.5,1769975660384,0
186376782,12.513,2.8,1769975660385,0
186376783,12.514,7.0,1769975660387,0
186376784,12.515,15.1,1769975660433,0
186376785,12.516,11.9,1769975660433,0
186376786,12.517,6.7,1769975660433,0
186376787,12.518,26.4,1769975660433,0
186376788,12.519,0.9,1769975660433,0
186376789,12.519,3.7,1769975660437,1
186376790,12.515,15.5,1769975660483,1
186376791,12.514,10.1,1769975660483,1
186376792,12.513,32.9,1769975660483,1
186376793,12.512,39.4,1769975660483,1
186376794,12.511,10.9,1769975660483,1
186376795,12.51,4.8,1769975660483,1
186376796,12.509,36.9,1769975660483,1
186376797,12.508,7.2,1769975660483,1
186376798,12.507,52.2,1769975660483,1
186376799,12.506,4.8,1769975660483,1
186376800,12.505,37.9,1769975660483,1
186376801,12.504,33.2,1769975660483,1
186376802,12.503,14.6,1769975660483,1
186376803,12.502,105.3,1769975660483,1
186376804,12.509,15.9,1769975660515,0
186376805,12.51,0.9,1769975660515,0
186376806,12.511,6.6,1769975660517,0
186376807,12.512,0.9,1769975660518,0
186376808,12.513,12.7,1769975660532,0
186376809,12.515,4.8,1769975660532,0
186376810,12.516,2.5,1769975660532,0
186376811,12.517,1.9,1769975660532,0
186376812,12.519,23.0,1769975660532,0
186376813,12.52,7.7,1769975660532,0
186376814,12.521,24.5,1769975660532,0
186376815,12.522,5.7,1769975660532,0
186376816,12.512,7.2,1769975660533,1
186376817,12.513,1.6,1769975660541,1
186376818,12.511,3.9,1769975660584,1
186376819,12.51,0.9,1769975660584,1
186376820,12.509,9.1,1769975660584,1
186376821,12.508,0.9,1769975660584,1
186376822,12.507,0.9,1769975660584,1
186376823,12.506,11.2,1769975660584,1
186376824,12.505,11.3,1769975660584,1
186376825,12.504,13.1,1769975660584,1
186376826,12.503,9.9,1769975660584,1
186376827,12.512,3.9,1769975660619,1
186376828,12.511,4.8,1769975660619,1
186376829,12.51,2.5,1769975660619,1
186376830,12.509,0.8,1769975660638,1
186376831,12.512,7.2,1769975660642,0
186376832,12.511,0.5,1769975660644,1
186376833,12.513,0.9,1769975660655,0
186376834,12.514,3.7,1769975660656,0
186376835,12.512,4.6,1769975660802,1
186376836,12.511,0.9,1769975660802,1
186376837,12.51,0.9,1769975660802,1
186376838,12.509,1.4,1769975660802,1
186376839,12.508,0.9,1769975660802,1
186376840,12.507,1.3,1769975660802,1
186376841,12.506,1.8,1769975660802,1
186376842,12.505,7.9,1769975660802,1
186376843,12.509,5.8,1769975660954,0
186376844,12.509,1.0,1769975661056,0
186376845,12.507,7.6,1769975661093,1
186376846,12.506,60.8,1769975661093,1
186376847,12.509,9.8,1769975661123,0
186376848,12.51,6.3,1769975661156,0
186376849,12.511,11.7,1769975661156,0
186376850,12.512,1.7,1769975661156,0
186376851,12.508,0.4,1769975661234,0
186376852,12.508,2.8,1769975661345,0
186376853,12.509,2.8,1769975661345,0
186376854,12.51,13.9,1769975661345,0
186376855,12.511,6.5,1769975661345,0
186376856,12.512,6.8,1769975661345,0
186376857,12.513,5.7,1769975661346,0
186376858,12.514,1.5,1769975661350,0
186376859,12.513,3.7,1769975661384,1
186376860,12.51,5.7,1769975661391,0
186376861,12.512,7.2,1769975661395,0
186376862,12.513,0.9,1769975661421,0
186376863,12.514,3.5,1769975661421,0
186376864,12.513,3.7,1769975661429,1
186376865,12.511,0.9,1769975661432,1
186376866,12.511,25.2,1769975661442,0
186376867,12.51,0.9,1769975661458,1
186376868,12.509,0.9,1769975661458,1
186376869,12.508,0.9,1769975661458,1
186376870,12.507,3.3,1769975661458,1
186376871,12.506,1.5,1769975661458,1
186376872,12.505,2.1,1769975661458,1
186376873,12.506,29.2,1769975661475,1
186376874,12.505,4.0,1769975661475,1
186376875,12.504,19.7,1769975661475,1
186376876,12.503,3.2,1769975661475,1
186376877,12.502,26.7,1769975661475,1
186376878,12.501,3.9,1769975661475,1
186376879,12.5,53.5,1769975661475,1
186376880,12.499,6.2,1769975661475,1
186376881,12.498,0.9,1769975661475,1
186376882,12.497,32.4,1769975661475,1
186376883,12.496,14.1,1769975661475,1
186376884,12.495,48.7,1769975661475,1
186376885,12.494,18.6,1769975661475,1
186376886,12.493,30.8,1769975661475,1
186376887,12.492,23.3,1769975661475,1
186376888,12.509,15.7,1769975661477,1
186376889,12.502,1.6,1769975661480,1
186376890,12.501,3.3,1769975661483,1
186376891,12.501,3.9,1769975661488,0
186376892,12.502,7.2,1769975661488,0
186376893,12.503,6.5,1769975661531,1
186376894,12.502,2.5,1769975661564,1
186376895,12.501,0.9,1769975661564,1
186376896,12.5,0.9,1769975661564,1
186376897,12.499,0.7,1769975661564,1
186376898,12.502,7.2,1769975661632,1
186376899,12.501,5.5,1769975661632,1
186376900,12.5,11.7,1769975661632,1
186376901,12.499,7.4,1769975661632,1
186376902,12.498,12.2,1769975661632,1
186376903,12.497,3.6,1769975661632,1
186376904,12.496,19.7,1769975661632,1
186376905,12.501,2.3,1769975661775,0
186376906,12.503,4.3,1769975661775,0
186376907,12.504,2.9,1769975661779,0
186376908,12.505,30.5,1769975661883,0
186376909,12.506,2.6,1769975662042,0
186376910,12.507,1.5,1769975662045,0
186376911,12.507,1.0,1769975662148,0
186376912,12.508,8.6,1769975662148,0
186376913,12.509,6.4,1769975662150,0
186376914,12.51,13.5,1769975662152,0
186376915,12.511,7.0,1769975662153,0
186376916,12.512,108.4,1769975662155,0
186376917,12.511,3.7,1769975662215,1
186376918,12.509,0.9,1769975662221,1
186376919,12.508,0.9,1769975662223,1
186376920,12.505,4.9,1769975662292,1
186376921,12.504,0.9,1769975662292,1
186376922,12.503,1.5,1769975662293,1
186376923,12.504,0.9,1769975662344,0
186376924,12.505,0.9,1769975662344,0
186376925,12.506,2.5,1769975662344,0
186376926,12.507,0.9,1769975662348,0
186376927,12.509,0.9,1769975662349,0
186376928,12.51,0.9,1769975662349,0
186376929,12.508,5.7,1769975662350,0
186376930,12.511,1.3,1769975662394,0
186376931,12.512,242.8,1769975662394,0
186376932,12.513,3.4,1769975662396,0
186376933,12.514,5.9,1769975662396,0
186376934,12.515,103.8,1769975662396,0
186376935,12.516,6.6,1769975662397,0
186376936,12.517,0.9,1769975662443,0
186376937,12.517,3.7,1769975662448,1
186376938,12.516,3.7,1769975662459,1
186376939,12.515,2.8,1769975662491,1
186376940,12.514,2.8,1769975662491,1
186376941,12.513,10.7,1769975662491,1
186376942,12.512,0.9,1769975662491,1
186376943,12.511,6.3,1769975662491,1
186376944,12.51,16.0,1769975662491,1
186376945,12.509,7.2,1769975662491,1
186376946,12.508,8.7,1769975662491,1
186376947,12.51,1.1,1769975662650,1
186376948,12.511,7.2,1769975662712,0
186376949,12.512,0.9,1769975662712,0
186376950,12.513,5.9,1769975662712,0
186376951,12.514,13.8,1769975662712,0
186376952,12.515,11.2,1769975662712,0
186376953,12.516,8.1,1769975662712,0
186376954,12.517,6.2,1769975662712,0
186376955,12.516,3.7,1769975662752,1
186376956,12.516,7.4,1769975662789,0
186376957,12.517,1.3,1769975662791,0
186376958,12.518,2.9,1769975662841,0
186376959,12.519,1.3,1769975662841,0
186376960,12.52,10.6,1769975662841,0
186376961,12.521,4.3,1769975662841,0
186376962,12.518,1.6,1769975662844,0
186376963,12.522,2.7,1769975662844,0
186376964,12.523,5.7,1769975662844,0
186376965,12.523,3.7,1769975662849,1
186376966,12.52,1.9,1769975662849,1
186376967,12.52,7.2,1769975662852,0
186376968,12.519,5.6,1769975662929,1
186376969,12.518,4.2,1769975662931,1
186376970,12.517,198.8,1769975662931,1
186376971,12.516,0.9,1769975662933,1
186376972,12.515,3.3,1769975662933,1
186376973,12.514,1.4,1769975662934,1
186376974,12.513,3.9,1769975662934,1
186376975,12.512,1.3,1769975662934,1
186376976,12.511,0.9,1769975662934,1
186376977,12.51,1.4,1769975662934,1
186376978,12.509,2.9,1769975662979,1
186376979,12.508,1.2,1769975662979,1
186376980,12.507,0.9,1769975663002,1
186376981,12.506,1.3,1769975663002,1
186376982,12.505,0.9,1769975663002,1
186376983,12.504,0.9,1769975663002,1
186376984,12.503,1.2,1769975663002,1
186376985,12.503,1.3,1769975663137,1
186376986,12.502,3.1,1769975663137,1
186376987,12.501,2.3,1769975663208,1
186376988,12.5,1.3,1769975663208,1
186376989,12.499,3.4,1769975663292,1
186376990,12.498,25.2,1769975663292,1
186376991,12.497,1.4,1769975663293,1
186376992,12.496,1.4,1769975663293,1
186376993,12.495,2.3,1769975663293,1
186376994,12.494,0.9,1769975663293,1
186376995,12.493,0.9,1769975663293,1
186376996,12.492,20.3,1769975663294,1
186376997,12.491,8.8,1769975663294,1
186376998,12.49,36.3,1769975663294,1
186376999,12.489,9.2,1769975663295,1
186377000,12.488,14.7,1769975663295,1
186377001,12.487,33.7,1769975663295,1
186377002,12.493,0.5,1769975663295,1
186377003,12.486,9.9,1769975663297,1
186377004,12.485,3.5,1769975663298,1
186377005,12.484,0.9,1769975663298,1
186377006,12.483,17.4,1769975663298,1
186377007,12.482,1.4,1769975663299,1
186377008,12.481,0.9,1769975663299,1
186377009,12.48,3.5,1769975663299,1
186377010,12.479,1.4,1769975663300,1
186377011,12.478,3.7,1769975663300,1
186377012,12.477,0.5,1769975663302,1
186377013,12.478,0.9,1769975663303,0
186377014,12.477,0.6,1769975663303,1
186377015,12.478,11.8,1769975663317,0
186377016,12.48,0.9,1769975663322,0
186377017,12.481,0.9,1769975663325,0
186377018,12.482,0.9,1769975663325,0
186377019,12.483,0.9,1769975663326,0
186377020,12.485,0.5,1769975663334,0
186377021,12.487,1.6,1769975663334,0
186377022,12.488,0.9,1769975663351,0
186377023,12.489,0.9,1769975663351,0
186377024,12.495,7.2,1769975663358,0
186377025,12.49,26.8,1769975663366,1
186377026,12.497,0.9,1769975663367,0
186377027,12.489,0.9,1769975663369,1
186377028,12.488,1.6,1769975663369,1
186377029,12.487,35.1,1769975663369,1
186377030,12.489,1.6,1769975663370,1
186377031,12.485,23.3,1769975663370,1
186377032,12.488,1.6,1769975663373,1
186377033,12.486,0.9,1769975663373,1
186377034,12.485,2.5,1769975663373,1
186377035,12.484,0.9,1769975663373,1
186377036,12.483,29.2,1769975663373,1
186377037,12.482,28.7,1769975663373,1
186377038,12.484,12.6,1769975663375,0
186377039,12.485,0.9,1769975663396,0
186377040,12.484,2.5,1769975663404,1
186377041,12.486,3.0,1769975663438,0
186377042,12.487,4.1,1769975663477,0
186377043,12.488,0.9,1769975663522,0
186377044,12.489,0.9,1769975663553,0
186377045,12.49,0.9,1769975663553,0
186377046,12.491,1.4,1769975663553,0
186377047,12.492,0.9,1769975663553,0
186377048,12.492,3.7,1769975663578,1
186377049,12.49,1.9,1769975663603,0
186377050,12.49,0.9,1769975663625,1
186377051,12.489,2.5,1769975663637,1
186377052,12.487,0.9,1769975663658,1
186377053,12.486,0.9,1769975663658,1
186377054,12.484,1.4,1769975663659,1
186377055,12.483,2.3,1769975663659,1
186377056,12.485,0.9,1769975663661,1
186377057,12.485,0.9,1769975663667,0
186377058,12.482,0.9,1769975663731,1
186377059,12.481,0.9,1769975663732,1
186377060,12.48,0.9,1769975663732,1
186377061,12.479,0.9,1769975663732,1
186377062,12.478,3.0,1769975663734,1
186377063,12.477,19.7,1769975663734,1
186377064,12.476,1.4,1769975663736,1
186377065,12.475,4.1,1769975663738,1
186377066,12.477,6.7,1769975663739,0
186377067,12.479,8.4,1769975663784,0
186377068,12.48,10.8,1769975663784,0
186377069,12.482,10.1,1769975663784,0
186377070,12.477,1.3,1769975663808,0
186377071,12.476,19.9,1769975663815,1
186377072,12.475,1.7,1769975663817,1
186377073,12.474,1.4,1769975663817,1
186377074,12.473,8.6,1769975663817,1
186377075,12.473,8.3,1769975663824,0
186377076,12.476,15.4,1769975663858,0
186377077,12.477,5.1,1769975663858,0
186377078,12.474,10.8,1769975663944,1
186377079,12.476,15.9,1769975663955,0
186377080,12.473,0.9,1769975663975,1
186377081,12.472,0.9,1769975663975,1
186377082,12.471,0.2,1769975663975,1
186377083,12.472,19.9,1769975664025,1
186377084,12.474,5.1,1769975664045,0
186377085,12.475,5.2,1769975664045,0
186377086,12.476,3.6,1769975664045,0
186377087,12.477,11.7,1769975664047,0
186377088,12.477,3.7,1769975664051,1
186377089,12.476,7.2,1769975664051,1
186377090,12.474,5.5,1769975664051,1
186377091,12.473,17.7,1769975664051,1
186377092,12.472,5.9,1769975664051,1
186377093,12.476,4.2,1769975664094,0
186377094,12.477,22.6,1769975664094,0
186377095,12.473,11.3,1769975664094,1
186377096,12.477,35.9,1769975664095,0
186377097,12.478,0.9,1769975664098,0
186377098,12.475,17.6,1769975664134,1
186377099,12.476,4.8,1769975664143,0
186377100,12.474,9.6,1769975664269,1
186377101,12.476,1.6,1769975664344,0
186377102,12.477,5.1,1769975664344,0
186377103,12.478,0.9,1769975664345,0
186377104,12.478,0.7,1769975664388,1
186377105,12.477,0.9,1769975664401,1
186377106,12.476,8.1,1769975664401,1
186377107,12.475,7.2,1769975664401,1
186377108,12.474,221.9,1769975664401,1
186377109,12.473,5.9,1769975664401,1
186377110,12.472,28.3,1769975664401,1
186377111,12.471,5.3,1769975664401,1
186377112,12.47,2.1,1769975664401,1
186377113,12.469,1.4,1769975664401,1
186377114,12.468,8.2,1769975664401,1
186377115,12.467,5.9,1769975664401,1
186377116,12.466,5.7,1769975664401,1
186377117,12.465,8.6,1769975664401,1
186377118,12.464,40.5,1769975664401,1
186377119,12.463,52.4,1769975664401,1
186377120,12.462,38.0,1769975664401,1
186377121,12.461,16.3,1769975664401,1
186377122,12.46,69.3,1769975664401,1
186377123,12.459,131.6,1769975664401,1
186377124,12.458,19.1,1769975664401,1
186377125,12.457,49.3,1769975664401,1
186377126,12.456,53.3,1769975664401,1
186377127,12.455,23.6,1769975664401,1
186377128,12.454,17.4,1769975664401,1
186377129,12.453,14.2,1769975664401,1
186377130,12.452,48.3,1769975664401,1
186377131,12.451,51.7,1769975664401,1
186377132,12.45,173.2,1769975664401,1
186377133,12.449,27.3,1769975664401,1
186377134,12.448,16.1,1769975664401,1
186377135,12.447,27.4,1769975664401,1
186377136,12.446,87.2,1769975664401,1
186377137,12.445,10.7,1769975664401,1
186377138,12.444,34.9,1769975664401,1
186377139,12.443,11.0,1769975664401,1
186377140,12.442,20.7,1769975664401,1
186377141,12.441,15.1,1769975664401,1
186377142,12.44,92.7,1769975664401,1
186377143,12.439,103.0,1769975664401,1
186377144,12.438,76.3,1769975664401,1
186377145,12.459,1.6,1769975664403,1
186377146,12.45,23.2,1769975664404,1
186377147,12.449,1.6,1769975664405,1
186377148,12.451,23.6,1769975664405,1
186377149,12.448,4.7,1769975664405,1
186377150,12.451,35.0,1769975664407,0
186377151,12.452,37.4,1769975664407,0
186377152,12.452,9.8,1769975664408,1
186377153,12.452,1.0,1769975664411,0
186377154,12.457,36.9,1769975664411,0
186377155,12.452,0.9,1769975664411,1
186377156,12.457,1.9,1769975664425,0
186377157,12.459,6.3,1769975664425,0
186377158,12.463,1.6,1769975664430,0
186377159,12.464,11.0,1769975664430,0
186377160,12.465,4.2,1769975664434,0
186377161,12.467,4.8,1769975664436,0
186377162,12.468,15.5,1769975664444,1
186377163,12.467,1.7,1769975664444,1
186377164,12.466,3.7,1769975664444,1
186377165,12.465,21.9,1769975664444,1
186377166,12.464,7.3,1769975664445,1
186377167,12.463,5.5,1769975664445,1
186377168,12.462,11.3,1769975664445,1
186377169,12.461,18.3,1769975664445,1
186377170,12.46,5.2,1769975664445,1
186377171,12.465,3.4,1769975664446,1
186377172,12.46,43.8,1769975664446,1
186377173,12.459,5.2,1769975664446,1
186377174,12.458,28.0,1769975664446,1
186377175,12.457,33.1,1769975664446,1
186377176,12.456,40.4,1769975664446,1
186377177,12.455,0.1,1769975664446,1
186377178,12.454,32.6,1769975664447,1
186377179,12.453,1.4,1769975664448,1
186377180,12.452,21.2,1769975664448,1
186377181,12.451,5.0,1769975664449,1
186377182,12.45,2.4,1769975664449,1
186377183,12.456,2.6,1769975664449,0
186377184,12.457,73.7,1769975664449,0
186377185,12.451,0.9,1769975664449,1
186377186,12.46,38.9,1769975664459,0
186377187,12.462,33.8,1769975664459,0
186377188,12.463,11.1,1769975664460,0
186377189,12.464,22.4,1769975664460,0
186377190,12.465,23.6,1769975664460,0
186377191,12.464,0.9,1769975664463,0
186377192,12.465,0.9,1769975664463,0
186377193,12.468,5.7,1769975664463,0
186377194,12.468,7.2,1769975664468,1
186377195,12.466,4.8,1769975664471,1
186377196,12.465,2.2,1769975664471,1
186377197,12.464,4.0,1769975664471,1
186377198,12.465,3.1,1769975664472,1
186377199,12.464,0.9,1769975664472,1
186377200,12.463,4.7,1769975664472,1
186377201,12.464,1.6,1769975664477,0
186377202,12.468,19.9,1769975664477,0
186377203,12.469,0.9,1769975664477,0
186377204,12.465,7.2,1769975664478,1
186377205,12.463,9.8,1769975664478,1
186377206,12.462,3.3,1769975664478,1
186377207,12.47,0.9,1769975664481,0
186377208,12.47,14.0,1769975664483,1
186377209,12.469,6.6,1769975664483,1
186377210,12.471,6.0,1769975664484,0
186377211,12.472,0.9,1769975664484,0
186377212,12.471,3.7,1769975664488,1
186377213,12.471,6.5,1769975664489,0
186377214,12.472,0.9,1769975664498,0
186377215,12.473,0.9,1769975664500,0
186377216,12.474,0.9,1769975664500,0
186377217,12.475,0.9,1769975664502,0
186377218,12.475,7.2,1769975664517,1
186377219,12.471,12.4,1769975664543,0
186377220,12.472,12.8,1769975664544,0
186377221,12.472,2.9,1769975664581,1
186377222,12.471,0.9,1769975664583,1
186377223,12.468,5.7,1769975664585,1
186377224,12.467,0.9,1769975664585,1
186377225,12.466,0.9,1769975664589,1
186377226,12.465,0.9,1769975664589,1
186377227,12.464,1.4,1769975664591,1
186377228,12.464,23.7,1769975664617,0
186377229,12.465,6.6,1769975664713,0
186377230,12.464,3.5,1769975664783,0
186377231,12.465,6.0,1769975664783,0
186377232,12.463,2.5,1769975664805,1
186377233,12.462,0.9,1769975664805,1
186377234,12.461,0.9,1769975664805,1
186377235,12.46,0.9,1769975664806,1
186377236,12.459,0.9,1769975664806,1
186377237,12.459,27.9,1769975664811,0
186377238,12.46,14.4,1769975664811,0
186377239,12.461,14.4,1769975664812,0
186377240,12.464,1.7,1769975664834,0
186377241,12.465,6.1,1769975664843,0
186377242,12.466,0.9,1769975664844,0
186377243,12.467,14.7,1769975664844,0
186377244,12.468,6.0,1769975664899,0
186377245,12.469,0.9,1769975664913,0
186377246,12.47,5.9,1769975664913,0
186377247,12.471,6.5,1769975664943,0
186377248,12.472,1.4,1769975664943,0
186377249,12.473,14.5,1769975664943,0
186377250,12.474,3.3,1769975664973,0
186377251,12.475,1.5,1769975664973,0
186377252,12.469,2.7,1769975665002,1
186377253,12.468,8.1,1769975665002,1
186377254,12.467,28.3,1769975665002,1
186377255,12.473,7.2,1769975665017,0
186377256,12.47,20.3,1769975665025,1
186377257,12.467,75.5,1769975665025,1
186377258,12.469,3.0,1769975665031,0
186377259,12.471,7.1,1769975665031,0
186377260,12.473,20.8,1769975665031,0
186377261,12.474,6.1,1769975665031,0
186377262,12.469,8.0,1769975665053,1
186377263,12.468,5.0,1769975665055,1
186377264,12.467,344.7,1769975665055,1
186377265,12.467,13.6,1769975665060,0
186377266,12.468,4.1,1769975665060,0
186377267,12.469,6.1,1769975665060,0
186377268,12.47,2.8,1769975665060,0
186377269,12.471,3.8,1769975665061,0
186377270,12.469,5.1,1769975665064,0
186377271,12.47,11.2,1769975665064,0
186377272,12.471,20.1,1769975665065,0
186377273,12.472,10.9,1769975665066,0
186377274,12.473,5.7,1769975665066,0
186377275,12.474,6.5,1769975665066,0
186377276,12.471,5.2,1769975665066,0
186377277,12.473,11.2,1769975665066,0
186377278,12.475,7.0,1769975665073,0
186377279,12.476,7.8,1769975665073,0
186377280,12.477,5.9,1769975665105,0
186377281,12.478,1.4,1769975665105,0
186377282,12.479,7.2,1769975665105,0
186377283,12.48,8.6,1769975665105,0
186377284,12.481,3.4,1769975665105,0
186377285,12.482,15.4,1769975665105,0
186377286,12.483,1.4,1769975665105,0
186377287,12.484,2.6,1769975665105,0
186377288,12.477,7.2,1769975665168,1
186377289,12.474,2.6,1769975665168,1
186377290,12.478,38.3,1769975665212,0
186377291,12.48,0.9,1769975665221,0
186377292,12.48,27.1,1769975665265,1
186377293,12.479,16.1,1769975665265,1
186377294,12.479,3.0,1769975665330,0
186377295,12.48,6.2,1769975665359,0
186377296,12.481,16.9,1769975665359,0
186377297,12.482,0.3,1769975665359,0
186377298,12.481,0.9,1769975665543,1
186377299,12.482,0.6,1769975665543,0
186377300,12.482,12.5,1769975665565,1
186377301,12.48,4.2,1769975665565,1
186377302,12.479,3.9,1769975665565,1
186377303,12.478,8.1,1769975665565,1
186377304,12.477,8.1,1769975665573,1
186377305,12.476,0.9,1769975665577,1
186377306,12.475,6.8,1769975665577,1
186377307,12.474,1.4,1769975665580,1
186377308,12.473,0.9,1769975665580,1
186377309,12.472,2.5,1769975665583,1
186377310,12.472,7.2,1769975665702,0
186377311,12.473,10.7,1769975665702,0
186377312,12.472,4.6,1769975665705,1
186377313,12.471,8.1,1769975665812,1
186377314,12.47,5.4,1769975665812,1
186377315,12.471,17.4,1769975665882,1
186377316,12.47,6.4,1769975665882,1
186377317,12.469,0.9,1769975665882,1
186377318,12.468,8.1,1769975665882,1
186377319,12.467,8.3,1769975665882,1
186377320,12.466,5.9,1769975665882,1
186377321,12.465,2.8,1769975665882,1
186377322,12.464,6.4,1769975665882,1
186377323,12.463,40.2,1769975665882,1
186377324,12.462,16.1,1769975665882,1
186377325,12.464,1.6,1769975665909,1
186377326,12.462,19.8,1769975665909,1
186377327,12.461,1.5,1769975665925,1
186377328,12.463,7.2,1769975666140,0
186377329,12.464,8.6,1769975666140,0
186377330,12.465,8.1,1769975666140,0
186377331,12.466,16.1,1769975666140,0
186377332,12.463,1.4,1769975666158,1
186377333,12.462,17.4,1769975666204,1
186377334,12.461,0.9,1769975666216,1
186377335,12.46,0.9,1769975666220,1
186377336,12.459,21.4,1769975666273,1
186377337,12.458,1.4,1769975666274,1
186377338,12.457,5.9,1769975666274,1
186377339,12.456,5.9,1769975666274,1
186377340,12.455,20.8,1769975666281,1
186377341,12.454,0.9,1769975666324,1
186377342,12.453,8.6,1769975666324,1
186377343,12.452,1.5,1769975666361,1
186377344,12.453,0.5,1769975666537,1
186377345,12.452,5.3,1769975666537,1
186377346,12.455,9.2,1769975666575,0
186377347,12.456,6.0,1769975666578,0
186377348,12.457,6.1,1769975666578,0
186377349,12.458,6.9,1769975666578,0
186377350,12.459,13.5,1769975666578,0
186377351,12.455,1.6,1769975666579,0
186377352,12.459,7.2,1769975666647,0
186377353,12.46,24.0,1769975666657,0
186377354,12.461,0.9,1769975666762,0
186377355,12.462,1.4,1769975666762,0
186377356,12.463,3.2,1769975666786,0
186377357,12.464,0.5,1769975666788,0
186377358,12.463,0.5,1769975666833,1
186377359,12.464,3.7,1769975666842,0
186377360,12.465,2.5,1769975666842,0
186377361,12.466,6.6,1769975666843,0
186377362,12.466,15.2,1769975666845,1
186377363,12.465,6.3,1769975666845,1
186377364,12.464,22.6,1769975666845,1
186377365,12.463,39.0,1769975666845,1
186377366,12.462,8.3,1769975666845,1
186377367,12.461,16.6,1769975666845,1
186377368,12.462,2.1,1769975666929,1
186377369,12.461,0.9,1769975666931,1
186377370,12.46,0.9,1769975666933,1
186377371,12.459,0.9,1769975666935,1
186377372,12.459,3.0,1769975667018,0
186377373,12.461,0.9,1769975667040,0
186377374,12.462,0.9,1769975667044,0
186377375,12.463,0.9,1769975667045,0
186377376,12.463,35.8,1769975667058,1
186377377,12.463,4.8,1769975667117,0
186377378,12.464,11.1,1769975667118,0
186377379,12.46,1.9,1769975667139,1
186377380,12.463,11.0,1769975667143,0
186377381,12.465,0.9,1769975667180,0
186377382,12.466,3.0,1769975667180,0
186377383,12.467,0.9,1769975667181,0
186377384,12.468,1.4,1769975667183,0
186377385,12.469,1.4,1769975667185,0
186377386,12.47,1.9,1769975667186,0
186377387,12.471,1.4,1769975667188,0
186377388,12.472,5.8,1769975667233,0
186377389,12.473,0.9,1769975667233,0
186377390,12.474,0.9,1769975667258,0
186377391,12.475,11.9,1769975667258,0
186377392,12.476,2.5,1769975667260,0
186377393,12.474,1.6,1769975667263,0
186377394,12.476,0.8,1769975667297,0
186377395,12.475,5.7,1769975667349,0
186377396,12.476,0.8,1769975667349,0
186377397,12.474,5.7,1769975667351,0
186377398,12.475,1.6,1769975667351,0
186377399,12.474,7.2,1769975667363,1
186377400,12.473,4.7,1769975667363,1
186377401,12.472,5.7,1769975667363,1
186377402,12.471,30.9,1769975667363,1
186377403,12.47,45.3,1769975667363,1
186377404,12.473,4.9,1769975667364,1
186377405,12.47,12.3,1769975667364,1
186377406,12.469,0.9,1769975667425,1
186377407,12.468,0.9,1769975667425,1
186377408,12.467,1.4,1769975667506,1
186377409,12.466,9.3,1769975667507,1
186377410,12.465,2.3,1769975667507,1
186377411,12.464,19.2,1769975667528,1
186377412,12.463,2.5,1769975667528,1
186377413,12.462,1.4,1769975667528,1
186377414,12.461,0.9,1769975667528,1
186377415,12.46,1.4,1769975667528,1
186377416,12.459,2.3,1769975667528,1
186377417,12.458,18.0,1769975667528,1
186377418,12.465,4.1,1769975667542,0
186377419,12.466,4.5,1769975667542,0
186377420,12.467,13.5,1769975667542,0
186377421,12.458,0.5,1769975667554,1
186377422,12.459,12.9,1769975667618,1
186377423,12.458,37.1,1769975667618,1
186377424,12.457,22.7,1769975667618,1
186377425,12.456,5.9,1769975667618,1
186377426,12.455,0.9,1769975667618,1
186377427,12.454,0.7,1769975667618,1
186377428,12.457,1.6,1769975667774,0
